3998 5818
268 441 285 491 8
832 407 1015 469 Plsm'nut
1034 400 1280 464 FRAGMENTA.

273 581 323 618 ens
348 556 458 637 (scholi.
480 553 576 630 Apoll.
595 549 687 609 tthod.
710 548 745 617 ll,
768 544 1037 619 1054)‚ntceteras.

272 649 343 709 Boni
357 647 469 723 aliquot
481 641 595 701 codices
608 635 737 704 riraebent
752 630 916 711 Στυμρήλῳ.

315 833 417 892 Athen.
434 830 485 899 ΧΙ,
501 850 529 904 p.
555 826 620 898 469,
636 824 676 883 C:
697 817 855 897 Πείσανδρος
874 816 901 872 ἐν
927 812 1039 893 δευτέρῳ

274 916 432 999 Ἡρακλείας
446 914 477 974 τδ
496 910 576 977 δίπας
593 912 619 967 ἔν
630 899 652 991 ᾧ
664 905 812 966 διέπλευσεν
825 906 839 961 ό
851 899 986 982 Ἡρακλῆς
994 898 1038 958 τὀν

277 1005 404 1067 Ὠκεανόν
419 993 485 1062 εἶναι
505 999 551 1078 μέν
566 1019 644 1080 φησιν
656 994 748 1054 Ἡλίου
752 1039 762 1069 ,
772 989 863 1050 λαόεῖν
872 989 894 1047 δ’
907 987 970 1047 αὐτὸ
977 1011 1030 1069 παρ

276 1095 405 1154 Ὠκεανοῦ
415 1085 557 1173 Ἡρακλέα.

316 1268 411 1328 schol.
425 1264 543 1326 Pindari
563 1261 647 1338 Pyth.
665 1261 718 1326 tx.
741 1259 793 1315 183
812 1278 819 1313 :
837 1252 1039 1330 Ἀλεξίδαμον...

278 1357 396 1436 γενέσθαι
409 1356 547 1433 μνηστῆρα
567 1354 614 1421 τ’ής
629 1344 752 1407 Ἀνταίου
764 1341 901 1422 θυγατρός·
920 1340 1002 1415 ὄνομα
1014 1336 1041 1396 δὲ

278 1448 343 1525 αὐτῇ
354 1436 472 1515 litante,
482 1438 517 1506 ιίις
526 1461 590 1520 φησι
600 1435 782 1515 Πείσανδροςό
792 1428 937 1512 Καμειρεύς
945 1453 951 1464 ·
960 1425 1042 1509 ἕτερον

280 1531 307 1592 δὲ
322 1531 440 1613 Βάρκην.
462 1532 529 1589 Haec
553 1528 614 1585 sine
638 1524 726 1583 dubio
746 1521 783 1580 nd
800 1522 900 1579 locum
914 1518 950 1575 de
965 1518 1042 1575 lucta

279 1643 343 1679 cum
360 1628 458 1679 rlrrtaeo
476 1616 629 1695 pertinent
650 1613 731 1672 Cous.
752 1612 786 1670 0.
804 1609 918 1668 llliiller.
939 1605 1044 1682 Minyis

282 1731 308 1786 p.
325 1711 390 1777 346.

656 1788 682 1846 7.

322 1884 420 1943 Schol.
436 1884 505 1940 δαν.
517 1875 796 1956 AristophanisNub.
811 1883 882 1944 1047
897 1896 903 1930 :
920 1868 1046 1953 Ἡρακλεῖ

281 1967 368 2028 πολλὰ
379 1966 490 2046 καμόντι
498 1967 623 2044 (vitigem
632 1963 788 2043 μογήσαντι)
803 1960 863 2041 περὶ
872 1956 1046 2042 Θερμοπύλας

282 2057 375 2128 Ἀθηνᾶ
394 2053 477 2136 θερμδι
490 2052 587 2135 λουτρά
606 2051 776 2110 ἀναδεδωκεν.
789 2049 1046 2128 (λίνιίς.’ἕπαρῆκεν,

215 2164 221 2175 ·
284 2147 351 2203 l'eu.
374 2144 437 2224 ρασὶ
451 2141 497 2215 τήν
514 2142 622 2213 Ἀθηνᾶν
634 2138 795 2223 χαρίσασθαι
819 2139 857 2217 τῷ
880 2134 941 2215 Ἤρ.
966 2139 988 2192 θ.
1009 2134 1046 2201 λ.,

283 2241 327 2315 ὡς)
345 2237 517 2319 Πείσανδρος·

342 2345 389 2424 Τῷ
401 2342 423 2399 δ’
435 2343 461 2400 ἐν
472 2338 665 2421 Θερμοπύλῃσι
681 2338 727 2394 δεδι
741 2338 893 2414 γλαυκῶπις
905 2332 999 2404 Ἀθήνη

343 2437 412 2497 ποίει
427 2436 509 2519 θερμὰ
523 2433 618 2517 λοετρά
629 2432 703 2515 παρὰ
715 2436 821 2515 ῥηγμῖνι
832 2429 974 2502 Θαλάσσης.

285 2561 429 2621 Zenobius
452 2561 537 2619 Prov.
554 2559 601 2627 Vl,
618 2567 654 2634 49
672 2580 678 2614 ι
698 2554 734 2615 ‘H
754 2554 848 2625 Ἀθηνᾶ
869 2555 907 2633 τῷ
922 2549 1050 2632 Ἡρακλεῖ

286 2650 366 2719 ἀνῆκε
380 2647 516 2725 πολλαχοῦ
532 2641 616 2724 Οερμδι
630 2639 728 2723 λουτρδι
754 2639 818 2719 πρὸς
831 2639 986 2698 ἀνάπαυλαν
1001 2634 1051 2695 πό-

287 2760 348 2808 νων,
363 2738 398 2800 ὡς
421 2733 484 2815 puel
504 2732 550 2792 καὶ
566 2729 696 2810 Πίνδαρος
720 2728 784 2803 (sic)
798 2732 812 2785 ό
825 2724 936 2798 ποιητὴς
958 2728 984 2783 ἐν
997 2732 1051 2791 τοῖς

287 2823 346 2901 περὶ
368 2819 536 2902 Ἡρακλέους.
554 2819 695 2896 Πολλαχοῦ
718 2816 792 2873 dixit
815 2814 961 2874 Zenobins
983 2814 1051 2891 quia

289 2909 414 2967 narratio
441 2908 477 2965 ad
510 2908 579 2964 nlius
606 2925 723 2983 quoque
751 2905 885 2972 thermus,
909 2901 1052 2981 ἹΙρακλεῑα

287 2993 637 3076 λουτρδι,ιιειιιείεεεί)αευε.

329 3085 422 3143 Etiam
433 3083 579 3159 sequentia
592 3083 750 3157 fragmenta
764 3079 835 3136 nihil
846 3092 887 3137 est
902 3098 954 3134 eur
963 3076 1052 3134 veteri

266 3230 271 3239 ,
291 3171 430 3229 Pisandro
441 3190 499 3227 non
516 3170 626 3247 possint
639 3167 736 3225 tribui.

328 3359 460 3419 Stobaeus
473 3362 494 3420 F
497 3360 570 3417 lorii.
585 3360 648 3429 ΧΗ,
660 3270 695 3414 ii:
709 3354 885 3436 Πεισάνδρου·

368 3466 408 3524 Οὐ
424 3462 526 3541 νίμεοις
534 3460 579 3521 καί
588 3462 679 3544 ψεῦδος
694 3458 759 3543 ὑπὲρ
772 3463 858 3541 ψυχῆς
875 3458 1015 3540 ἀγορεύειν.

291 3580 459 3637 «Poterant
489 3579 560 3649 haec,
586 3576 680 3653 inquit
712 3576 860 3646 Minimus,
884 3573 914 3630 in
934 3572 1056 3629 historia

290 3667 452 3742 Cercopum
474 3664 568 3722 dici.»

930 3776 1068 3785 —.-—-.-—.-

292 3842 339 3878 non
351 3833 486 3893 peremptas
501 3841 542 3878 eas
558 3827 589 3877 ab
600 3826 703 3877 Hercule
714 3839 784 3887 aros,
797 3826 839 3876 sed
854 3824 1054 3887 crepitaculorum

291 3900 371 3949 sonitu
384 3913 398 3948 ο
409 3899 462 3948 loco
474 3897 556 3962 pulses
568 3897 675 3949 tradidit.

661 3979 673 4004 Γ

322 4057 438 4106 Ρίευιιδω
447 4056 508 4106 libro
518 4056 624 4105 secundo
634 3998 754 4105 Heieclete
762 4053 885 4117 poculum,
896 4052 921 4100 in
929 4054 1055 4114 quooeeu·

294 4140 353 4175 num
366 4130 518 4177 transvectus
528 4131 565 4175 est
577 4125 703 4184 Hercules,
714 4124 776 4173 Solis
788 4124 864 4173 luisse
875 4123 990 4186 poculum
1006 4123 1056 4182 nit,

294 4198 463 4261 occepisseque
475 4197 537 4247 illud
547 4197 578 4246 eb
591 4196 646 4247 sole
656 4195 793 4246 Herculem.

325 4356 409 4406 Filiam
422 4357 514 4417 Antei,
525 4357 594 4419 cujus
604 4280 692 4417 proelii
703 4359 753 4404 emt
761 4352 925 4413 Aleridurnns,
942 4350 1060 4402 eineder

294 4427 440 4477 cumitensis
451 4425 580 4491 appellarit
591 4424 721 4485 utoeidem,
731 4423 770 4474 elii
782 4426 881 4473 Barcen.

326 4583 431 4645 Herculi,
443 4582 485 4646 qui
497 4583 586 4633 multos
597 4507 690 4633 laboris
702 4580 858 4641 sustinuerat,
873 4578 936 4629 circe
947 4571 1060 4629 lluermo

296 4655 362 4718 pylas
374 4655 483 4704 llinervu
494 4652 678 4704 minnistane
693 4665 727 4701 en
739 4654 813 4701 terra
824 4650 914 4701 emisit.
926 4649 1059 4700 Pisander:

367 4742 438 4797 Huic
453 4742 480 4797 in
493 4740 681 4813 Thermopylis
696 4739 746 4795 dea
759 4739 839 4795 caesia
854 4739 974 4793 Minerva

368 4821 479 4894 perabat
490 4820 575 4877 calida
588 4821 693 4876 lavucro
705 4820 732 4873 in
748 4817 828 4874 litore
843 4818 935 4873 muris.

298 4923 393 4971 Zenon.
404 4938 413 4971 .·
424 4925 532 4973 Minerva
541 4921 637 4973 Herculi
649 4920 732 4971 multis
744 4920 804 4970 locis
813 4920 889 4969 calide
898 4920 993 4968 lavacra
1002 4919 1060 4968 erni·

297 4993 337 5053 sit,
349 4997 376 5041 nt
390 4991 718 5055 aratoribusrequiesceren
741 4996 823 5041 narrat
849 4992 921 5040 etiem
947 4989 1063 5038 etsanuer

298 5064 323 5112 in
333 5062 480 5114 carminibus
491 5062 521 5114 de
531 5063 641 5114 Hercule.

664 5143 690 5193 8.

302 5219 886 5301 Νοοεειςαενιιιίεοεὶοεοιιίιινοιιιμιωροιιειε
895 5232 967 5273 sero.
980 5217 1061 5272 HGn.

1448 528 1477 585 9.

1121 621 1300 698 Hesychius:
1316 619 1404 683 «Νοῦς
1420 617 1450 673 ού
1467 610 1539 694 παρά
1563 608 1748 692 Κενταύροισι·
1762 640 1773 661 ν
1787 632 1850 667 πα-

1083 710 1224 793 ροιμιῶδες.
1237 707 1317 767 Ἐστι
1335 703 1363 763 δὲ
1374 700 1539 783 Πεισάνδρου
1554 699 1711 778 κομμάτιον,
1728 698 1772 756 ἐπὶ
1793 700 1851 755 τῶν

1600 790 1612 846 ὲ

1084 875 1219 937 ἀδυνάτων
1226 872 1394 953 ταττόμενον.
1403 871 1503 930 Codex
1513 869 1547 928 N.
1560 860 1590 926 ού
1600 890 1622 926 π
1633 869 1713 926 liter.
1728 866 1852 925 Photius

1031 987 1039 1013 ³
1083 967 1244 1031 etSuidas:
1266 965 1361 1029 «Νοῦς
1380 963 1426 1020 oie
1441 958 1479 1017 ἔνι
1502 954 1675 1036 Κενταύροις·
1687 982 1701 1007 ι
1719 954 1852 1035 παροιμία

1084 1054 1127 1113 ἐπὶ
1139 1057 1192 1112 τῶν
1203 1051 1338 1112 ἀδυνάτων
1350 1048 1407 1128 (καὶ
1420 1046 1536 1117 ἀνοήτων
1553 1045 1634 1103 addit
1646 1042 1741 1117 soil.)
1755 1064 1854 1099 ταττο-

1085 1139 1161 1221 μένη.
1188 1143 1277 1200 Aliter
1296 1138 1491 1216 Diogenianus
1508 1136 1554 1206 Vl,
1567 1137 1615 1205 84,
1631 1145 1659 1191 et
1681 1131 1771 1189 Vntic.
1791 1139 1854 1206 tp·

1086 1230 1172 1309 pend.
1187 1232 1236 1301 lli,
1255 1227 1436 1293 ιοεαΝοδςού
1452 1220 1526 1304 παρὰ
1538 1218 1704 1301 Κενταύροις·
1718 1246 1730 1271 ι
1746 1216 1855 1275 ίπὶτιῖιν

1086 1315 1269 1395 ἐπιλησμόνων
1279 1315 1324 1375 καί
1335 1315 1506 1374 πλεονεκτῶν·
1516 1306 1632 1391 παρόσον
1644 1304 1695 1366 ὑπὸ
1706 1303 1856 1371 πλεονεξίας

1086 1406 1229 1465 ἀπώλοντο.

1449 1490 1492 1547 10.

1129 1592 1329 1670 Olympiodor.
1352 1594 1383 1651 ln
1397 1589 1525 1648 Plutonis
1543 1584 1633 1647 tietb.
1649 1585 1677 1654 l,
1691 1604 1719 1660 p.
1737 1582 1789 1653 157
1809 1580 1855 1636 ed.

1089 1686 1223 1743 Creuzer.
1238 1704 1245 1736 ι
1261 1678 1310 1740 Διό
1323 1702 1387 1761 ρησι
1402 1678 1461 1759 περὶ
1475 1680 1551 1734 αὐτοῦ
1566 1676 1613 1751 (de
1624 1668 1756 1749 ttercutej
1770 1666 1859 1727 olici-

1091 1772 1200 1851 σανδρος
1211 1791 1218 1804 ·

1467 1869 1642 1931 Δικαιοτοίτου
1652 1891 1681 1926 τε
1692 1868 1805 1949 ρονῆος·

1092 1968 1135 2027 ἐπὶ
1146 1966 1197 2048 γάρ
1210 1962 1377 2046 καθαρότητα
1389 1959 1481 2043 ρόνους
1497 1958 1587 2017 ἐποίει.

1391 2098 1555 2121 -mo—

1279 2196 1660 2269 Psssuuoelsun'nut

1254 2353 1428 2415 ΗΡΩΙΚΩΝ
1472 2348 1692 2412 esuriturus

1097 2488 1228 2546 immensi
1241 2486 1338 2563 operis
1352 2503 1457 2561 paucas
1472 2479 1609 2558 reliquias
1620 2478 1693 2536 nihil
1708 2478 1811 2534 attinet
1823 2474 1860 2533 ad

1096 2595 1194 2633 rerum
1212 2575 1256 2631 vel
1270 2571 1409 2650 temporis
1427 2571 1528 2628 seriem
1545 2566 1689 2646 quandum
1708 2564 1858 2641 redigere:

1096 2664 1148 2722 sed
1163 2662 1234 2720 illud
1250 2662 1339 2720 refert
1351 2661 1380 2718 in
1392 2679 1480 2737 opere
1495 2656 1577 2733 cnjus
1592 2653 1677 2713 index
1693 2653 1782 2710 semel
1801 2671 1860 2708 me·

1098 2764 1239 2823 moratur,
1261 2750 1377 2828 quinrun
1399 2748 1555 2824 scriptores
1580 2763 1614 2803 eo
1630 2742 1686 2799 sint
1702 2742 1755 2798 usi.

1137 2955 1268 3014 Zosimus
1288 2952 1329 3024 V,
1349 2972 1406 3028 29:
1425 2945 1639 3024 ...είςἭμωνα
1653 2944 1746 3014 πόλιν,
1765 2940 1863 3019 μεταξύ

1098 3040 1226 3108 Παιονίας
1238 3045 1285 3112 τῆς
1300 3038 1427 3097 ἀνωτάτω
1441 3036 1614 3114 καλΝωρικοδ
1627 3030 1762 3111 κειμένην.
1777 3028 1861 3096 Ἄξιον

1100 3130 1127 3189 δὲ
1144 3128 1182 3208 μὴ
1197 3128 1377 3210 παραδραμεῖν
1393 3123 1442 3183 ὅσα
1455 3129 1502 3195 τῆς
1516 3120 1615 3187 πολεάις
1632 3122 1687 3179 ἐστι
1697 3117 1804 3190 ταύτης,
1818 3116 1863 3173 καὶ

1076 3284 1080 3292 ,
1099 3217 1169 3280 ὅπως
1181 3216 1230 3287 τὴν
1249 3213 1334 3296 ἀρχὴν
1354 3213 1445 3293 ἔτυχεν
1461 3214 1591 3288 οἰκισμοῦ.
1611 3210 1637 3268 Τ
1638 3207 1682 3275 οίις
1692 3202 1864 3289 Ἀργοναύτας

1084 3306 1177 3387 'porciu
1192 3304 1242 3364 ὑπὸ
1254 3310 1298 3362 τοῦ
1311 3301 1407 3374 Αἰήτου
1423 3296 1595 3377 διωκομένους
1609 3304 1668 3364 ταῖς
1679 3296 1715 3362 εἰς
1731 3294 1774 3351 τόν
1790 3289 1865 3352 Hir-

1099 3418 1143 3453 τον
1157 3392 1275 3459 ἐκόολαῑς
1288 3398 1334 3450 τοῦ
1350 3389 1453 3471 Ἴστρου
1466 3388 1711 3470 προσορμισδῆναι,
1733 3381 1822 3462 κρῖναί
1834 3401 1864 3436 τε

1101 3483 1188 3547 καλῶς
1200 3478 1269 3558 ἔχειν
1281 3475 1325 3537 διδι
1342 3475 1435 3536 τούτου
1449 3475 1513 3555 πρὸς
1524 3473 1609 3533 ἀντίον
1621 3473 1665 3531 τδν
1678 3476 1735 3553 ρῶν
1749 3471 1865 3547 ineffi-

1101 3594 1164 3643 ναι,
1186 3568 1231 3628 καὶ
1255 3565 1334 3649 μέχρι
1357 3564 1480 3625 τοσούτου
1502 3563 1658 3622 διαπλεῦσαι
1676 3559 1720 3619 τὀν
1742 3578 1862 3633 ποταμόν

1104 3657 1199 3739 εἰρεσία
1219 3656 1265 3716 καί
1283 3651 1429 3733 πνεύματος
1448 3650 1595 3724 ἐπιτηδείου
1613 3658 1698 3732 φορᾷ,
1721 3644 1815 3727 μέχρις
1833 3642 1867 3701 διν

1132 3922 1144 3945 «
1157 3904 1224 3951 llens
1237 3914 1284 3950 non
1297 3904 1334 3950 est
1349 3898 1414 3962 apud
1425 3830 1559 3948 enitituros
1570 3916 1582 3939 ν
1596 3910 1603 3943 ι
1616 3907 1672 3959 pore
1691 3904 1775 3942 sersus
1787 3892 1869 3941 Pison-

1100 3973 1146 4032 dri,
1158 3985 1213 4034 quen
1225 3970 1408 4035 iuprorerbium
1422 3968 1480 4017 abiit
1491 3967 1522 4017 de
1533 3967 1563 4016 iis
1571 3977 1627 4029 quet
1637 3963 1688 4014 lieri
1698 3976 1747 4012 non
1759 3966 1864 4025 possunt

1101 4042 1148 4106 (vel
1165 4042 1249 4091 insum
1273 4042 1393 4101 sunt).-
1407 4040 1499 4088 nolens
1527 4049 1575 4085 nou
1602 4038 1639 4085 est
1663 4031 1728 4096 apud
1758 4034 1865 4082 centon·

1100 4128 1140 4164 ros
1154 4133 1166 4157 ιι
1180 4127 1187 4161 :
1199 4112 1223 4161 iu
1239 4110 1370 4160 obliviosos
1386 4114 1458 4172 atque
1473 4106 1610 4157 violentos:
1626 4104 1650 4152 1ιί
1667 4105 1732 4153 enim
1749 4100 1867 4151 nolentis

1101 4200 1145 4234 sua
1156 4184 1286 4249 perierunt.

1131 4325 1246 4375 Pisandes
1260 4324 1290 4373 de
1302 4320 1403 4373 Hercule
1415 4251 1522 4369 diuitiis
1532 4321 1564 4368 Et
1570 4314 1699 4379 justissimi
1708 4312 1844 4363 occisoris·
1863 4325 1871 4357 ι

1101 4410 1158 4446 nem
1170 4395 1247 4446 eaedes
1264 4393 1367 4444 fauebat
1377 4392 1408 4441 ul
1419 4389 1569 4455 purgandum
1579 4389 1678 4438 terrem

1286 4494 1669 4631 PSEUDOi'lSANDRl

1230 4690 1428 4751 HEROICA
1460 4685 1739 4748 THEOGAMIA.

1133 4875 1257 4924 venerunt
1268 4875 1401 4923 tiemonem
1413 4869 1537 4934 oppidum,
1549 4868 1612 4919 inter
1622 4865 1770 4917 Pannonium
1789 4878 1874 4927 supro

1103 4958 1168 4994 muru
1183 4949 1207 4994 et
1222 4944 1336 4993 Noricum
1352 4943 1434 4992 situm.
1450 4943 1529 5002 Atque
1540 4939 1586 4988 hoc
1600 4936 1652 4987 loon
1659 4936 1761 4986 minime
1770 4948 1816 4999 per
1831 4936 1874 4983 est

1103 5015 1198 5064 silentio
1209 5014 1324 5076 praeteriri
1335 5027 1390 5076 nuto
1399 5013 1430 5062 nd
1441 5011 1558 5075 oppidum
1569 5008 1617 5057 hoc
1628 5006 1759 5071 pertinent,
1774 5010 1799 5054 et
1812 5018 1874 5067 quo·

1103 5099 1158 5134 nam
1169 5086 1241 5135 modo
1253 5085 1325 5135 condi
1337 5085 1367 5135 ab
1376 5083 1443 5133 initio
1453 5086 1559 5145 neptun
1575 5080 1616 5129 sit
1625 5078 1700 5129 ‚tiunt
1709 5080 1874 5139 Argonautae

1103 5171 1178 5219 quum
1194 5170 1236 5206 eos
1246 5159 1326 5206 AEetes
1339 5150 1574 5219 persequentum
1590 5148 1647 5201 istri
1662 5148 1785 5211 appulisse
1798 5147 1872 5203 ostia,

1105 5227 1192 5290 qtribus
1208 5228 1231 5277 in
1242 5230 1347 5277 Pontum
1363 5225 1404 5274 ille
1414 5237 1440 5274 sc
1450 5225 1579 5283 exonere15
1597 5222 1709 5283 rectulue
1721 5231 1747 5269 se
1763 5216 1876 5267 lecturos
