3998 5818
353 630 470 860 ιι
577 615 1584 919 antorsum

636 1037 1189 1164 artatas..

805 1294 1043 1323 ...Φ-

167 1496 263 1554 Etiam
278 1500 306 1550 'ut
323 1492 376 1549 hoc
396 1502 480 1568 poeta
496 1485 713 1549 lttrrdameutum
732 1482 898 1562 quaestionis
941 1493 1033 1552 nerei,
1048 1499 1135 1559 quam
1150 1492 1181 1537 ut
1197 1480 1282 1557 longa
1299 1479 1335 1537 de
1351 1480 1411 1539 vitu
1425 1480 1538 1538 Clin‘rili
1557 1482 1708 1557 litigaretur

123 1595 196 1643 stant
213 1582 298 1641 rerba
315 1580 425 1640 Suidae:
437 1575 577 1657 Χοιρίλος,
592 1573 709 1653 Σάμιος,
720 1569 789 1638 τινὲς
803 1569 829 1629 δὲ
844 1570 898 1629 'lae
942 1584 969 1627 et
981 1568 1118 1627 continua
1132 1568 1274 1639 narratio,
1291 1580 1454 1645 temporum
1467 1568 1580 1627 (titaritt
1596 1569 1712 1627 calculis

125 1673 192 1737 σὲα,
208 1670 282 1730 ἄλλοι
304 1667 331 1726 it
353 1664 543 1747 Ἁλικαρνασέα
560 1667 702 1745 ἱστοροῦσι.
725 1658 851 1721 Γενέσθαι
870 1656 899 1715 θλ
944 1678 1062 1735 prorsus
1079 1656 1231 1713 adversa.»
1250 1657 1313 1715 latit
1335 1657 1432 1733 igitur,
1448 1676 1501 1735 pet·
1517 1672 1630 1733 tempus
1644 1659 1711 1735 qrti-

127 1758 201 1818 ausit
224 1756 360 1818 Πανθασιν
379 1763 432 1819 τοῖς
446 1750 562 1834 ρρθνοις·
577 1752 620 1811 ἐπὶ
640 1750 667 1809 δὲ
686 1752 737 1808 τῶν
752 1750 900 1829 Περσικῶν,
943 1747 1018 1816 (loru,
1028 1744 1142 1803 (lhoeriti
1154 1764 1219 1801 cum
1231 1744 1376 1803 llerodoto
1387 1747 1589 1803 commercium
1601 1745 1713 1805 admitti

125 1848 295 1926 Ὀλυμπιάδι
306 1822 491 1922 σε’,νεανθσκον
501 1842 552 1913 ἤθη
563 1831 638 1899 εἶναι.
648 1836 747 1899 Δοῦλθν
757 1860 785 1894 τε
797 1836 901 1913 Σαμίου
945 1833 1067 1913 poterit;
1080 1833 1132 1890 uisi
1144 1830 1232 1911 (qttod
1246 1833 1341 1911 potius
1351 1832 1532 1909 crediderim)
1545 1834 1641 1891 ltctttm
1654 1856 1714 1893 csse

127 1935 200 2002 τινὸς
216 1934 294 1994 αὐτὸν
308 1930 443 2013 γενέσθαι,
458 1931 543 2001 εὐειδῆ
558 1928 628 1988 πάνυ
644 1925 692 2001 τῆν
713 1925 797 2007 ὥραν·
813 1930 901 2004 φυγεῖν
945 1923 1023 1980 elices
1034 1942 1069 1977 err
1084 1920 1232 1997 utriusque
1248 1920 1302 1979 riri
1318 1921 1414 1979 studio
1428 1920 1574 1980 slotillimo
1595 1922 1714 1979 Greco-

128 2019 403 2099 τεέκΣοίμουκαλἯ
437 2010 903 2097 θότωτῷὶστορικῷπαρεθρεθσαντα
947 2032 1009 2068 rum
1026 2022 1222 2086 maguagesta
1244 2008 1419 2069 celebrandi.
1447 2009 1715 2087 hakimpcusitatis

128 2108 219 2169 λόνιυν
230 2112 379 2191 ἐρασθῆναι·
393 2041 578 2171 οθῦτινοςιαθτθν
591 2102 637 2162 καὶ
648 2097 760 2161 παιδικθι
770 2096 904 2178 γεγονέναι
945 2099 1095 2167 omnibus,
1108 2099 1224 2157 videtur
1237 2098 1375 2160 Choerilos
1390 2111 1543 2159 nntosessc
1553 2099 1715 2178 olympiade

126 2170 223 2279 φαθῖν·
232 2198 388 2257 Ἐπιθὲσθαῑ
401 2192 428 2253 ll
438 2195 575 2271 ποιητικῇ,
585 2190 630 2249 κθ
644 2190 798 2254 “lilerium
810 2188 836 2244 ἕν
847 2187 905 2244 Μα-
948 2209 982 2252 ιτ
999 2190 1194 2263 loreiucunte,
1204 2186 1247 2247 vel
1261 2208 1286 2247 a.
1295 2186 1365 2247 ctu.
1382 2198 1448 2259 ιρι.
1464 2188 1525 2247 lloc
1538 2186 1562 2246 si
1573 2189 1715 2259 statueris,

127 2286 239 2344 εεδονίοι
246 2280 462 2365 παραἈρχελάιρ
470 2284 507 2360 τῷ
514 2279 659 2349 τότειιθτῆς
668 2276 904 2355 βασιλεῖ.ῚΞγροιψι
947 2282 976 2333 iu
989 2281 1106 2356 reliquis
1119 2278 1196 2336 nialla
1214 2276 1368 2335 dilltcultas
1382 2298 1388 2334 :
1404 2289 1469 2335 sttui
1479 2288 1576 2334 autem
1587 2277 1634 2335 illa
1652 2297 1716 2356 quir

125 2372 154 2432 bl
173 2346 278 2433 ταῦτα·
294 2370 342 2443 τῆν
362 2367 503 2441 Ἀθηναίων
522 2365 596 2436 νίκην
613 2361 682 2423 κατὰ
698 2359 807 2443 Siphr-
820 2359 860 2439 ἔφ’
875 2350 905 2417 ol
948 2364 984 2421 dc
1001 2366 1149 2443 Lysandro
1164 2378 1191 2423 ct
1208 2366 1347 2425 tirchelao
1359 2363 1517 2425 Cherrilum
1538 2384 1634 2423 secum
1655 2386 1717 2423 esse

125 2460 283 2535 ποιήματος
298 2457 367 2518 κατὰ
386 2454 476 2535 στίχον
497 2456 614 2533 στατῆρα
629 2455 742 2530 χρυσοῦν
757 2446 849 2521 deas,
861 2445 905 2506 καὶ
948 2452 1113 2511 volentibus
1124 2466 1286 2511 narramur.
1299 2452 1485 2523 Plutarchus,
1499 2454 1563 2511 Vita
1575 2452 1714 2529 Lysandri

127 2549 175 2609 ait
189 2558 252 2615 τοῖς
263 2545 385 2627 Ὁμήρου
400 2541 624 2621 ἀναγινώσκεσθαι
639 2538 779 2621 ἐψηφίσθη.
798 2539 906 2614 dopta—
948 2560 973 2597 c.
993 2540 1047 2597 18:
1063 2538 1163 2618 Σάμιοι
1181 2537 1208 2597 θλ
1221 2536 1255 2599 sle
1269 2538 1331 2619 παρ’
1350 2540 1438 2607 αὐτοῖς
1450 2537 1549 2620 Ἡραῖα
1564 2540 1715 2620 Λυσάνδρια

127 2635 173 2709 κθ,
188 2636 241 2697 καλ
258 2636 326 2694 ἄλλα
341 2631 399 2692 τινὰ
414 2630 551 2709 ποιήματα
565 2630 644 2687 αὐτοῦ
655 2625 768 2710 piparas.
780 2625 905 2684 Samium
948 2627 1037 2684 καλεῖν
1054 2625 1225 2708 θψηρθσαντο·
1239 2629 1290 2685 τῶν
1303 2624 1330 2684 θλ
1346 2628 1458 2686 πολιτῶν
1474 2624 1596 2707 Χοιρίλον
1612 2624 1659 2703 μιν
1675 2626 1715 2685 aet

129 2725 225 2783 inisse
239 2723 395 2784 Choerilum
405 2731 486 2779 extra
497 2716 707 2785 dubitationem
715 2716 839 2793 positum
854 2725 904 2774 est.
949 2714 1008 2793 aspi
1029 2714 1105 2774 αὑτὸν
1127 2704 1206 2795 εἶχεν,
1228 2716 1263 2781 ὡς
1288 2714 1457 2791 κοσμήσοντα
1480 2712 1526 2780 sla<
1546 2713 1653 2795 πράξεις
1675 2712 1717 2773 id

129 2814 200 2872 utta
218 2810 349 2890 qrraedam
369 2807 531 2865 testimonia
552 2804 663 2863 videbis
683 2805 766 2863 infra.
781 2802 908 2862 Halicar·
949 2808 1095 2876 ποιητικῆς.
1118 2804 1209 2876 Quem
1228 2804 1321 2861 locum
1340 2804 1496 2861 rectissime
1510 2804 1587 2879 cepit
1606 2804 1718 2863 Neleius

129 2900 281 2959 nassensis
297 2897 354 2955 dici
367 2908 479 2973 poterat
494 2893 530 2952 ab
546 2894 593 2964 iis,
609 2892 659 2970 qui
675 2890 815 2950 Herodoti
829 2891 908 2950 audi·
952 2911 978 2968 p.
998 2894 1124 2969 tid-49.
1143 2891 1291 2969 Lysander
1305 2910 1394 2969 quum
1406 2890 1488 2949 brevi
1505 2904 1570 2969 post
1586 2892 1717 2969 prolium

130 3002 232 3047 torem
249 2999 278 3044 et
292 2983 407 3042 delicias
425 2980 619 3061 perhiberent.
635 2980 728 3039 lasum
747 2979 777 3037 in
794 2991 907 3057 tempus
951 2978 986 3036 ad
1005 2980 1088 3057 digus
1104 2980 1211 3038 llumeo
1229 2980 1332 3037 frustra
1355 2980 1581 3059 oppugnavissct
1602 2982 1717 3039 Samum

130 3078 293 3135 mittamus.
309 3076 404 3145 Quum
416 3089 467 3149 per
478 3068 665 3145 Panyasidem
677 3068 739 3144 ejus
750 3080 817 3125 retas
835 3066 904 3125 deii-
951 3068 1069 3146 (olymp.
1080 3070 1129 3145 93,
1146 3068 1183 3145 a),
1198 3080 1297 3145 postca
1312 3079 1397 3145 capta
1414 3068 1589 3127 Athenarum
1605 3068 1677 3127 urite
1692 3082 1719 3127 et

131 3166 246 3235 uiator,
264 3160 452 3241 quaerendum
473 3170 545 3236 quot
567 3156 624 3215 lere
642 3156 724 3215 annis
742 3155 793 3213 illo
808 3153 909 3233 junior
951 3156 1042 3234 longis
1058 3158 1147 3215 muris
1166 3158 1288 3227 eversis,
1303 3156 1493 3234 relitigarent,
1514 3170 1625 3217 veteres
1643 3160 1719 3217 cives

132 3252 228 3309 luisse
241 3245 447 3309 existimandus
461 3245 517 3303 sit:
531 3264 596 3302 nam
609 3243 710 3321 junior
723 3254 792 3302 erat.
808 3243 908 3320 Olym·
951 3246 1100 3305 constituit
1114 3258 1142 3303 et
1156 3244 1434 3303 administrationem
1447 3264 1542 3302 rerum
1556 3248 1719 3324 composuit

133 3338 228 3417 piade
242 3335 450 3415 septuagesima
467 3333 565 3411 quinta
576 3333 636 3390 sive
650 3351 726 3390 atino
741 3342 797 3407 479
807 3332 831 3389 si
841 3331 910 3389 ado-
952 3333 1000 3411 (ol.
1012 3342 1062 3410 94,
1081 3331 1118 3413 ι).
1137 3334 1210 3391 llioc
1223 3352 1356 3409 maguum
1368 3333 1531 3391 Samiorum
1546 3333 1673 3393 studium
1691 3336 1719 3393 iu

134 3430 250 3489 lescens
260 3425 465 3504 erat,primum
478 3423 617 3483 Herodoti
629 3422 738 3480 deliciae
751 3442 808 3479 non
822 3436 908 3501 pote·
954 3422 1149 3499 Lysandrum
1163 3422 1214 3500 qui
1229 3422 1322 3480 civem
1336 3422 1464 3500 ipsorum
1472 3465 1481 3495 ,
1504 3441 1625 3501 poeseos
1643 3424 1719 3481 lama

133 3530 179 3577 rat
187 3536 256 3576 esse
267 3535 344 3573 anno
353 3515 408 3581 ιθι
419 3513 493 3581 nati3
505 3510 611 3570 deinde
620 3510 656 3569 ad
667 3510 839 3573 Archelaum
850 3530 908 3569 non
952 3511 1075 3569 maxima
1090 3510 1255 3584 florentem,
1273 3531 1304 3569 se
1315 3510 1445 3569 comitari
1460 3510 1569 3585 voluit,
1589 3531 1640 3591 spe
1662 3511 1720 3570 dtr-

133 3605 240 3662 vcnire
257 3614 324 3661 ante
338 3619 446 3659 annum
464 3599 557 3657 aetatis
569 3599 810 3679 septuagesimum
827 3613 910 3658 octe·
952 3611 1015 3655 ettts
1030 3598 1089 3657 lore
1104 3612 1135 3657 ιιι
1145 3599 1234 3676 ipsius
1244 3618 1361 3677 quoque
1372 3598 1522 3677 splendide
1536 3598 1609 3656 lactu
1620 3600 1721 3657 cerati·

133 3710 227 3763 rum3
240 3710 307 3751 carm
321 3688 471 3768 Lysandro
488 3700 583 3746 autem
602 3686 726 3745 debebat
744 3707 805 3745 esse
820 3708 910 3747 senex
952 3686 1038 3744 nilms
1052 3686 1219 3745 celebraret.
1233 3685 1325 3745 Verba
1339 3689 1391 3746 τῶν
1402 3682 1429 3743 θλ
1442 3687 1555 3746 πολιτῶν
1566 3701 1644 3745 arcte
1656 3706 1720 3747 cum

135 3780 203 3838 scre
217 3778 436 3857 nonagenarius,
455 3774 543 3854 idque
557 3773 709 3851 κοσμήσων,
727 3787 758 3832 ιιι
774 3773 911 3853 sperabat
953 3773 1149 3851 superioribus
1152 3774 1316 3853 jungendu3
1327 3787 1356 3833 ct
1365 3774 1460 3832 omnia
1467 3772 1719 3853 heoeprocedunt:

136 3866 303 3941 Lysander,
315 3862 363 3931 εθις
383 3862 488 3944 πράξειε
503 3866 582 3921 αὐτοῦ
600 3860 643 3921 ai
654 3866 799 3935 ποιητικῆς.
817 3890 828 3911 ι
839 3865 911 3921 llinc
952 3866 1004 3921 τῶν
1020 3861 1047 3920 ii
1067 3866 1183 3934 ποιητῶν
1200 3864 1222 3921 si
1245 3863 1389 3941 praeferas,
1404 3863 1477 3921 male
1488 3862 1549 3921 haec
1558 3862 1658 3941 juucio
1674 3885 1721 3921 re-

138 3954 274 4032 acquitor
286 3952 392 4031 (inquit
406 3951 518 4010 helius
526 3971 554 4028 p.
566 3951 616 4029 ai.)
628 3963 657 4009 ut
671 3950 772 4009 falsum
783 3952 818 4009 sit
831 3951 911 4030 quod
954 3952 1058 4029 peries.
1069 3952 1114 4011 Ex
1125 3950 1261 4011 Parisinis
1269 3951 1419 4011 codicibus
1430 3964 1568 4031 quattuor
1578 3952 1634 4010 hoc
1645 3953 1721 4011 eald·

141 4044 216 4101 dixit
227 4040 341 4113 Suidas,
356 4038 510 4098 Lhoerilum
523 4037 583 4116 jam
600 4038 809 4098 adolescentem
824 4040 912 4099 luisse
953 4039 1032 4113 beot,
1046 4038 1083 4098 ab
1098 4041 1133 4099 iis
1148 4040 1258 4099 illatum
1273 4041 1324 4119 qui
1335 4055 1431 4119 pecta
1441 4060 1526 4119 tynam
1540 4048 1601 4099 crarta
1616 4061 1719 4099 nomeu

140 4127 315 4206 Olympiade
325 4126 372 4199 75.
381 4127 502 4185 Caussas
512 4128 620 4185 erroris
630 4127 912 4204 primasoemonunc
954 4129 1022 4187 ltoic
1035 4129 1101 4187 loco
1112 4130 1207 4209 aptius
1217 4149 1279 4188 esse
1288 4129 1447 4189 crederent.
1460 4130 1579 4190 ΙΙολιτῶν
1594 4131 1719 4187 serravit

88 4242 95 4255 ι
140 4216 287 4295 dispiciet.
297 4215 398 4273 Potest
414 4215 445 4273 io
461 4215 589 4273 cannino
602 4215 717 4276 choerut
732 4217 819 4275 luisse
835 4218 912 4275 unde
954 4216 1045 4276 codex
1063 4220 1134 4289 1671
1158 4217 1390 4296 (wyttenbachio
1406 4222 1465 4292 A).-
1479 4237 1563 4296 quem
1575 4218 1630 4277 alia
1647 4236 1721 4297 quo-

141 4304 329 4381 coliigeretur
341 4314 458 4382 poetam
478 4314 553 4377 tom,
567 4323 656 4381 quum
673 4304 813 4363 Graeciam
829 4304 912 4364 inva-
953 4326 1009 4384 que
1020 4307 1128 4365 sincera
1142 4306 1246 4365 olierre
1263 4307 1388 4379 memini,
1399 4307 1528 4365 inaltcro
1541 4305 1722 4385 codiceopti·

141 4391 226 4450 deret
250 4393 373 4463 Xerxes,
386 4390 555 4451 adolevisse.
578 4392 855 4471 Quomodocumque
876 4393 913 4453 de
954 4414 1001 4451 mo
1027 4396 1099 4466 1672
1131 4393 1234 4472 (Wytt.
1263 4396 1301 4469 tl)
1326 4396 1423 4454 eadem
1446 4398 1553 4474 scripta
1576 4394 1720 4455 Plutarchi

84 4480 90 4497 '
142 4482 251 4538 caussis
258 4481 366 4540 erroris
375 4492 543 4552 statuamus,
555 4480 666 4540 facilius
675 4480 807 4540 accidere
818 4483 913 4560 potuit
954 4484 1157 4561 complectente
1167 4485 1226 4561 jam
1243 4485 1349 4544 vitiata.
1360 4487 1428 4544 l’ost
1440 4486 1515 4543 Sami
1530 4484 1720 4561 exyittgnatio·

142 4580 177 4625 ut
193 4563 301 4625 annum
310 4567 512 4627 adotescenaae
525 4567 642 4628 martti
655 4568 759 4648 aliquis
773 4570 844 4628 laiso
861 4591 914 4649 po-
954 4591 1018 4629 nem
1036 4573 1086 4639 itti,
1097 4573 1347 4651 quosl’lutarchus
1361 4587 1465 4645 narrat,
1476 4574 1599 4633 honores
1613 4574 1722 4650 Lysian«

910 4686 1071 4697 —-

175 4730 307 4790 circeriins,
318 4730 415 4782 &mins
427 4745 434 4779 ι
449 4745 523 4795 mem
535 4732 645 4785 nonautu
656 4734 787 4794 inarum,
802 4732 842 4783 siit
852 4747 910 4783 aero
953 4738 1021 4785 cunt.
1039 4736 1153 4785 animum
1165 4740 1247 4787 autem
1258 4736 1288 4787 sd
1301 4738 1419 4801 podicem
1430 4737 1565 4801 appetisse,
1573 4740 1598 4787 st
1610 4736 1634 4787 io
1645 4738 1722 4789 aaa·

142 4799 383 4851 Halicarnasseosem
402 4801 479 4851 luisse
490 4802 604 4865 tradant5
616 4802 735 4868 aqueum
753 4804 910 4867 Panyasidis,
953 4804 1026 4857 donia
1035 4804 1126 4857 obiisse
1141 4806 1205 4871 apori
1219 4808 1376 4868 arduinum,
1390 4811 1450 4858 tuno
1466 4806 1531 4857 iiiios
1547 4810 1619 4859 terro
1629 4818 1719 4871 mnu.

142 4876 169 4920 et
179 4870 356 4921 adoiesmoteot
364 4872 416 4934 ism
426 4872 484 4923 belii
495 4873 585 4923 Perstet
595 4873 759 4938 temporibus,
775 4874 913 4938 olympiade
953 4877 1057 4942 Scripsit
1074 4891 1132 4927 vero
1148 4878 1200 4927 trec
1211 4893 1217 4927 z
1230 4878 1363 4929 victoriani
1378 4876 1560 4930 attentendum
1576 4876 1607 4929 tls
1622 4879 1719 4929 iem:
1749 4890 1756 4905 ·

143 4941 323 5003 septosaesims
335 4942 431 5005 qaiau.
449 4943 517 4993 trient
530 4956 616 4995 soros
630 4944 706 4994 roae
719 4944 824 4996 traditor
838 4946 912 4996 santii
954 4960 1000 5011 pro
1009 4950 1079 5013 eujus
1091 4950 1210 5014 poematia
1220 4948 1322 5013 singuiis
1333 4948 1443 4999 renibus
1453 4960 1553 4999 sermm
1563 4950 1676 4997 sutorem
1686 4958 1722 4997 ιο

142 5011 282 5074 enjusdam,
295 5012 374 5063 torma
385 5014 548 5076 pulcherrime
558 5015 675 5078 prostitue
688 5030 694 5063 ι
712 5019 738 5067 et
748 5016 913 5080 sampinia-
953 5018 1032 5081 οεριι,
1041 5024 1066 5067 et
1076 5018 1203 5069 decedam
1215 5019 1276 5075 tuit,
1290 5024 1318 5069 ot
1328 5032 1414 5083 poema
1423 5018 1482 5069 iliud
1493 5031 1549 5069 com
1562 5016 1661 5069 liomeri
1671 5028 1721 5069 w·

142 5094 208 5144 sus,
221 5096 299 5146 quom
315 5082 438 5135 tiuodoto
455 5085 571 5135 Ιιιιιοιιοο
581 5100 681 5150 operam
692 5086 775 5144 duct,
789 5088 912 5138 literarum
954 5088 1064 5139 minibus
1074 5092 1225 5140 recitaretur.
1238 5090 1365 5152 Lentim,
1380 5094 1405 5140 et
1416 5089 1463 5141 site
1474 5088 1587 5154 quedem
1602 5090 1656 5154 dus
1667 5102 1722 5155 pos

143 5162 227 5217 m
242 5157 328 5217 captas
345 5166 398 5205 esse
411 5154 546 5207 :Herodoti
562 5155 636 5207 etism
652 5158 774 5208 amasiam
790 5158 912 5209 tonedr-
954 5163 1019 5209 ιιιειι
1032 5162 1149 5211 imatus.

1609 5252 1642 5287 tit.
