<?xml version="1.0" encoding="UTF-8"?>
<!DOCTYPE html PUBLIC "-//W3C//DTD XHTML 1.0 Transitional//EN"
    "http://www.w3.org/TR/xhtml1/DTD/xhtml1-transitional.dtd">
<html xmlns="http://www.w3.org/1999/xhtml" xml:lang="en" lang="en">
 <head>
  <title>
</title>
<meta http-equiv="Content-Type" content="text/html;charset=utf-8" />
  <meta name='ocr-system' content='tesseract 3.04.00' />
  <meta name='ocr-capabilities' content='ocr_page ocr_carea ocr_par ocr_line ocrx_word'/>
</head>
<body>
  <div class='ocr_page' id='page_1' title='image "./hesiodicarmina03hesigoog/hesiodicarmina03hesigoog_0558.png"; bbox 0 0 3998 5818; ppageno 0'>
   <div class='ocr_carea' id='block_1_1' title="bbox 644 760 1157 897">
    <p class='ocr_par' dir='ltr' id='par_1_1' title="bbox 644 760 1157 897">
     <span class='ocr_line' id='line_1_1' title="bbox 644 760 1157 897; baseline 0.002 -1"><span class='ocrx_word' id='word_1_1' title='bbox 644 760 1157 897; x_wconf 61' lang='lat' dir='ltr'><strong>PRAEFATIO,</strong></span> 
     </span>
    </p>
   </div>
   <div class='ocr_carea' id='block_1_2' title="bbox 242 1550 1577 5196">
    <p class='ocr_par' dir='ltr' id='par_1_2' title="bbox 242 1550 1570 3356">
     <span class='ocr_line' id='line_1_2' title="bbox 289 1550 1564 1649; baseline -0.005 -21"><span class='ocrx_word' id='word_1_2' title='bbox 289 1561 417 1628; x_wconf 86' lang='lat' dir='ltr'><strong>Frurro</strong></span> <span class='ocrx_word' id='word_1_3' title='bbox 431 1553 503 1625; x_wconf 93' lang='lat' dir='ltr'><strong>hoc</strong></span> <span class='ocrx_word' id='word_1_4' title='bbox 522 1554 718 1641; x_wconf 89' lang='lat' dir='ltr'><strong>volumine,</strong></span> <span class='ocrx_word' id='word_1_5' title='bbox 737 1550 838 1649; x_wconf 91' lang='lat' dir='ltr'><strong>quod</strong></span> <span class='ocrx_word' id='word_1_6' title='bbox 853 1551 1038 1647; x_wconf 81' lang='lat' dir='ltr'>epicorum</span> <span class='ocrx_word' id='word_1_7' title='bbox 1053 1562 1239 1645; x_wconf 88' lang='lat' dir='ltr'><strong>poetarum</strong></span> <span class='ocrx_word' id='word_1_8' title='bbox 1256 1564 1392 1646; x_wconf 88' lang='lat' dir='ltr'><strong>septem</strong></span> <span class='ocrx_word' id='word_1_9' title='bbox 1409 1552 1564 1649; x_wconf 89' lang='lat' dir='ltr'><strong>compie-</strong></span> 
     </span>
     <span class='ocr_line' id='line_1_3' title="bbox 243 1671 1562 1770; baseline -0.005 -21"><span class='ocrx_word' id='word_1_10' title='bbox 243 1679 351 1749; x_wconf 91' lang='lat' dir='ltr'><strong>ctitur</strong></span> <span class='ocrx_word' id='word_1_11' title='bbox 374 1678 532 1749; x_wconf 83' lang='lat' dir='ltr'><strong>carmina</strong></span> <span class='ocrx_word' id='word_1_12' title='bbox 550 1691 585 1746; x_wconf 91' lang='lat' dir='ltr'><strong>et</strong></span> <span class='ocrx_word' id='word_1_13' title='bbox 602 1676 817 1770; x_wconf 78' lang='lat' dir='ltr'><strong>fragmenta,</strong></span> <span class='ocrx_word' id='word_1_14' title='bbox 835 1673 931 1768; x_wconf 62' lang='lat' dir='ltr'><strong>sagra</strong></span> <span class='ocrx_word' id='word_1_15' title='bbox 956 1671 1036 1741; x_wconf 91' lang='lat' dir='ltr'><strong>tulit</strong></span> <span class='ocrx_word' id='word_1_16' title='bbox 1057 1671 1320 1742; x_wconf 91' lang='lat' dir='ltr'><strong>literatissimus</strong></span> <span class='ocrx_word' id='word_1_17' title='bbox 1338 1687 1463 1742; x_wconf 78' lang='lat' dir='ltr'><strong>auctor</strong></span> <span class='ocrx_word' id='word_1_18' title='bbox 1481 1673 1562 1743; x_wconf 90' lang='lat' dir='ltr'><strong>Col-</strong></span> 
     </span>
     <span class='ocr_line' id='line_1_4' title="bbox 242 1792 1564 1896; baseline -0.005 -25"><span class='ocrx_word' id='word_1_19' title='bbox 242 1801 426 1891; x_wconf 82' lang='lat' dir='ltr'><strong>iectionis,</strong></span> <span class='ocrx_word' id='word_1_20' title='bbox 452 1824 600 1896; x_wconf 91' lang='lat' dir='ltr'><strong>prorsus</strong></span> <span class='ocrx_word' id='word_1_21' title='bbox 622 1797 746 1867; x_wconf 90' lang='lat' dir='ltr'><strong>abesse</strong></span> <span class='ocrx_word' id='word_1_22' title='bbox 771 1796 920 1864; x_wconf 90' lang='lat' dir='ltr'><strong>uomina</strong></span> <span class='ocrx_word' id='word_1_23' title='bbox 942 1793 978 1863; x_wconf 94' lang='lat' dir='ltr'><strong>in</strong></span> <span class='ocrx_word' id='word_1_24' title='bbox 1002 1792 1064 1862; x_wconf 88' lang='lat' dir='ltr'><strong>iilo</strong></span> <span class='ocrx_word' id='word_1_25' title='bbox 1082 1817 1210 1887; x_wconf 85' lang='lat' dir='ltr'><strong>genere</strong></span> <span class='ocrx_word' id='word_1_26' title='bbox 1231 1817 1381 1888; x_wconf 86' lang='lat' dir='ltr'>poeseos</span> <span class='ocrx_word' id='word_1_27' title='bbox 1400 1794 1488 1864; x_wconf 89' lang='lat' dir='ltr'><strong>olim</strong></span> <span class='ocrx_word' id='word_1_28' title='bbox 1509 1819 1564 1864; x_wconf 92' lang='lat' dir='ltr'><strong>ce·</strong></span> 
     </span>
     <span class='ocr_line' id='line_1_5' title="bbox 242 1916 1566 2013; baseline -0.006 -20"><span class='ocrx_word' id='word_1_29' title='bbox 242 1922 491 2012; x_wconf 83' lang='lat' dir='ltr'><strong>iebratissima,</strong></span> <span class='ocrx_word' id='word_1_30' title='bbox 500 1920 676 2006; x_wconf 80' lang='lat' dir='ltr'><strong>Pr&#39;sandrr‘,</strong></span> <span class='ocrx_word' id='word_1_31' title='bbox 686 1925 763 1989; x_wconf 81' lang='lat' dir='ltr'><strong>Puri</strong></span> <span class='ocrx_word' id='word_1_32' title='bbox 757 1916 911 2013; x_wconf 69' lang='lat' dir='ltr'><strong>surrilis,</strong></span> <span class='ocrx_word' id='word_1_33' title='bbox 920 1916 1136 1986; x_wconf 76' lang='lat' dir='ltr'><strong>Arrte&#39;muclu&#39;.</strong></span> <span class='ocrx_word' id='word_1_34' title='bbox 1151 1920 1316 2002; x_wconf 91' lang='lat' dir='ltr'><strong>Quorum</strong></span> <span class='ocrx_word' id='word_1_35' title='bbox 1328 1931 1566 2012; x_wconf 90' lang='lat' dir='ltr'><strong>postremum,</strong></span> 
     </span>
     <span class='ocr_line' id='line_1_6' title="bbox 243 2038 1563 2142; baseline -0.005 -26"><span class='ocrx_word' id='word_1_36' title='bbox 243 2046 348 2142; x_wconf 91' lang='lat' dir='ltr'><strong>copia</strong></span> <span class='ocrx_word' id='word_1_37' title='bbox 362 2045 595 2141; x_wconf 85' lang='lat' dir='ltr'><strong>reliquiarum</strong></span> <span class='ocrx_word' id='word_1_38' title='bbox 619 2041 700 2112; x_wconf 91' lang='lat' dir='ltr'><strong>ilios</strong></span> <span class='ocrx_word' id='word_1_39' title='bbox 719 2041 825 2135; x_wconf 87' lang='lat' dir='ltr'><strong>longe</strong></span> <span class='ocrx_word' id='word_1_40' title='bbox 842 2053 1090 2135; x_wconf 88' lang='lat' dir='ltr'><strong>superantem,</strong></span> <span class='ocrx_word' id='word_1_41' title='bbox 1108 2064 1221 2135; x_wconf 93' lang='lat' dir='ltr'><strong>quum</strong></span> <span class='ocrx_word' id='word_1_42' title='bbox 1245 2054 1328 2111; x_wconf 90' lang='lat' dir='ltr'><strong>ante</strong></span> <span class='ocrx_word' id='word_1_43' title='bbox 1347 2038 1563 2111; x_wconf 91' lang='lat' dir='ltr'><strong>decennium</strong></span> 
     </span>
     <span class='ocr_line' id='line_1_7' title="bbox 244 2158 1566 2257; baseline -0.002 -23"><span class='ocrx_word' id='word_1_44' title='bbox 244 2165 316 2236; x_wconf 82' lang='lat' dir='ltr'><strong>sere</strong></span> <span class='ocrx_word' id='word_1_45' title='bbox 350 2166 551 2235; x_wconf 88' lang='lat' dir='ltr'><strong>accuratius</strong></span> <span class='ocrx_word' id='word_1_46' title='bbox 589 2177 757 2232; x_wconf 71' lang='lat' dir='ltr'>tractasse</span> <span class='ocrx_word' id='word_1_47' title='bbox 789 2159 880 2229; x_wconf 92' lang='lat' dir='ltr'><strong>mihi</strong></span> <span class='ocrx_word' id='word_1_48' title='bbox 906 2158 1057 2247; x_wconf 91' lang='lat' dir='ltr'><strong>viderer,</strong></span> <span class='ocrx_word' id='word_1_49' title='bbox 1090 2162 1177 2230; x_wconf 90' lang='lat' dir='ltr'><strong>Viro</strong></span> <span class='ocrx_word' id='word_1_50' title='bbox 1201 2163 1341 2257; x_wconf 86' lang='lat' dir='ltr'><strong>egregio</strong></span> <span class='ocrx_word' id='word_1_51' title='bbox 1366 2187 1424 2232; x_wconf 89' lang='lat' dir='ltr'><strong>me</strong></span> <span class='ocrx_word' id='word_1_52' title='bbox 1447 2163 1485 2232; x_wconf 93' lang='lat' dir='ltr'><strong>in</strong></span> <span class='ocrx_word' id='word_1_53' title='bbox 1508 2162 1566 2231; x_wconf 92' lang='lat' dir='ltr'><strong>his</strong></span> 
     </span>
     <span class='ocr_line' id='line_1_8' title="bbox 244 2280 1566 2380; baseline -0.002 -24"><span class='ocrx_word' id='word_1_54' title='bbox 244 2287 449 2379; x_wconf 74' lang='lat' dir='ltr'><strong>fragmentis</strong></span> <span class='ocrx_word' id='word_1_55' title='bbox 479 2285 609 2380; x_wconf 90' lang='lat' dir='ltr'><strong>partim</strong></span> <span class='ocrx_word' id='word_1_56' title='bbox 635 2280 866 2377; x_wconf 85' lang='lat' dir='ltr'><strong>colligendis,</strong></span> <span class='ocrx_word' id='word_1_57' title='bbox 891 2282 1021 2376; x_wconf 89' lang='lat' dir='ltr'><strong>partim</strong></span> <span class='ocrx_word' id='word_1_58' title='bbox 1048 2282 1221 2377; x_wconf 82' lang='lat' dir='ltr'>augendis</span> <span class='ocrx_word' id='word_1_59' title='bbox 1258 2297 1294 2353; x_wconf 92' lang='lat' dir='ltr'><strong>et</strong></span> <span class='ocrx_word' id='word_1_60' title='bbox 1329 2283 1566 2354; x_wconf 77' lang='lat' dir='ltr'><strong>retractandis</strong></span> 
     </span>
     <span class='ocr_line' id='line_1_9' title="bbox 244 2402 1566 2504; baseline -0.002 -26"><span class='ocrx_word' id='word_1_61' title='bbox 244 2433 389 2504; x_wconf 84' lang='lat' dir='ltr'><strong>operam</strong></span> <span class='ocrx_word' id='word_1_62' title='bbox 409 2407 613 2503; x_wconf 89' lang='lat' dir='ltr'><strong>positurum</strong></span> <span class='ocrx_word' id='word_1_63' title='bbox 633 2403 841 2500; x_wconf 83' lang='lat' dir='ltr'><strong>significavi.</strong></span> <span class='ocrx_word' id='word_1_64' title='bbox 861 2402 968 2488; x_wconf 91' lang='lat' dir='ltr'><strong>Quod</strong></span> <span class='ocrx_word' id='word_1_65' title='bbox 985 2405 1153 2498; x_wconf 76' lang='lat' dir='ltr'><strong>praestiti,</strong></span> <span class='ocrx_word' id='word_1_66' title='bbox 1179 2420 1217 2473; x_wconf 93' lang='lat' dir='ltr'><strong>ut</strong></span> <span class='ocrx_word' id='word_1_67' title='bbox 1239 2407 1363 2501; x_wconf 93' lang='lat' dir='ltr'><strong>potui,</strong></span> <span class='ocrx_word' id='word_1_68' title='bbox 1381 2408 1457 2477; x_wconf 89' lang='lat' dir='ltr'><strong>otio</strong></span> <span class='ocrx_word' id='word_1_69' title='bbox 1480 2433 1566 2477; x_wconf 89' lang='lat' dir='ltr'><strong>usus</strong></span> 
     </span>
     <span class='ocr_line' id='line_1_10' title="bbox 244 2526 1567 2623; baseline -0.002 -23"><span class='ocrx_word' id='word_1_70' title='bbox 244 2530 475 2600; x_wconf 74' lang='lat' dir='ltr'><strong>vehementer</strong></span> <span class='ocrx_word' id='word_1_71' title='bbox 494 2526 785 2623; x_wconf 88' lang='lat' dir='ltr'><strong>circumscripto,</strong></span> <span class='ocrx_word' id='word_1_72' title='bbox 807 2551 881 2597; x_wconf 91' lang='lat' dir='ltr'><strong>non</strong></span> <span class='ocrx_word' id='word_1_73' title='bbox 904 2528 952 2596; x_wconf 89' lang='lat' dir='ltr'><strong>ita</strong></span> <span class='ocrx_word' id='word_1_74' title='bbox 971 2540 1090 2596; x_wconf 90' lang='lat' dir='ltr'><strong>tamen</strong></span> <span class='ocrx_word' id='word_1_75' title='bbox 1110 2542 1277 2620; x_wconf 83' lang='lat' dir='ltr'><strong>anguste,</strong></span> <span class='ocrx_word' id='word_1_76' title='bbox 1304 2543 1342 2597; x_wconf 92' lang='lat' dir='ltr'><strong>ut</strong></span> <span class='ocrx_word' id='word_1_77' title='bbox 1364 2528 1452 2599; x_wconf 91' lang='lat' dir='ltr'><strong>hinc</strong></span> <span class='ocrx_word' id='word_1_78' title='bbox 1477 2529 1567 2599; x_wconf 86' lang='lat' dir='ltr'><strong>milri</strong></span> 
     </span>
     <span class='ocr_line' id='line_1_11' title="bbox 244 2640 1568 2749; baseline -0.003 -26"><span class='ocrx_word' id='word_1_79' title='bbox 244 2653 358 2749; x_wconf 78' lang='lat' dir='ltr'>possit</span> <span class='ocrx_word' id='word_1_80' title='bbox 375 2653 592 2722; x_wconf 89' lang='lat' dir='ltr'><strong>omissorum</strong></span> <span class='ocrx_word' id='word_1_81' title='bbox 606 2649 892 2720; x_wconf 89' lang='lat' dir='ltr'><strong>admissorumve</strong></span> <span class='ocrx_word' id='word_1_82' title='bbox 909 2649 1105 2745; x_wconf 90' lang='lat' dir='ltr'><strong>impunitas</strong></span> <span class='ocrx_word' id='word_1_83' title='bbox 1120 2673 1207 2718; x_wconf 88' lang='lat' dir='ltr'><strong>esse.</strong></span> <span class='ocrx_word' id='word_1_84' title='bbox 1225 2640 1267 2719; x_wconf 80' lang='lat' dir='ltr'><strong>u</strong></span> <span class='ocrx_word' id='word_1_85' title='bbox 1283 2650 1412 2719; x_wconf 83' lang='lat' dir='ltr'><strong>eximie</strong></span> <span class='ocrx_word' id='word_1_86' title='bbox 1427 2650 1568 2745; x_wconf 82' lang='lat' dir='ltr'><strong>adjura-</strong></span> 
     </span>
     <span class='ocr_line' id='line_1_12' title="bbox 246 2770 1570 2868; baseline -0.004 -23"><span class='ocrx_word' id='word_1_87' title='bbox 246 2776 310 2845; x_wconf 90' lang='lat' dir='ltr'><strong>bar</strong></span> <span class='ocrx_word' id='word_1_88' title='bbox 334 2775 494 2843; x_wconf 85' lang='lat' dir='ltr'><strong>virorum</strong></span> <span class='ocrx_word' id='word_1_89' title='bbox 517 2773 655 2868; x_wconf 84' lang='lat' dir='ltr'><strong>aliquot</strong></span> <span class='ocrx_word' id='word_1_90' title='bbox 680 2770 1060 2867; x_wconf 74' lang='lat' dir='ltr'><strong>praestantissimorum</strong></span> <span class='ocrx_word' id='word_1_91' title='bbox 1080 2771 1239 2867; x_wconf 89' lang='lat' dir='ltr'><strong>scriptis,</strong></span> <span class='ocrx_word' id='word_1_92' title='bbox 1260 2771 1297 2839; x_wconf 92' lang='lat' dir='ltr'><strong>iu</strong></span> <span class='ocrx_word' id='word_1_93' title='bbox 1322 2772 1449 2866; x_wconf 92' lang='lat' dir='ltr'><strong>primis</strong></span> <span class='ocrx_word' id='word_1_94' title='bbox 1475 2771 1570 2840; x_wconf 75' lang='lat' dir='ltr'><strong>ttet-</strong></span> 
     </span>
     <span class='ocr_line' id='line_1_13' title="bbox 245 2894 1570 2992; baseline -0.003 -25"><span class='ocrx_word' id='word_1_95' title='bbox 245 2897 342 2967; x_wconf 76' lang='lat' dir='ltr'><strong>cireri</strong></span> <span class='ocrx_word' id='word_1_96' title='bbox 357 2912 392 2968; x_wconf 92' lang='lat' dir='ltr'><strong>et</strong></span> <span class='ocrx_word' id='word_1_97' title='bbox 408 2901 452 2967; x_wconf 91' lang='grc' dir='ltr'><strong>Ο.</strong></span> <span class='ocrx_word' id='word_1_98' title='bbox 470 2897 627 2984; x_wconf 82' lang='lat' dir='ltr'><strong>Miilleri,</strong></span> <span class='ocrx_word' id='word_1_99' title='bbox 643 2920 723 2991; x_wconf 85' lang='lat' dir='ltr'><strong>quae</strong></span> <span class='ocrx_word' id='word_1_100' title='bbox 738 2897 812 2965; x_wconf 90' lang='lat' dir='ltr'><strong>suis</strong></span> <span class='ocrx_word' id='word_1_101' title='bbox 829 2919 981 2992; x_wconf 72' lang='lat' dir='ltr'><strong>quaeque</strong></span> <span class='ocrx_word' id='word_1_102' title='bbox 995 2894 1083 2964; x_wconf 88' lang='lat' dir='ltr'><strong>locis</strong></span> <span class='ocrx_word' id='word_1_103' title='bbox 1099 2894 1306 2964; x_wconf 92' lang='lat' dir='ltr'><strong>indicantur</strong></span> <span class='ocrx_word' id='word_1_104' title='bbox 1317 2920 1325 2963; x_wconf 73' lang='grc' dir='ltr'><strong><em>ι</em></strong></span> <span class='ocrx_word' id='word_1_105' title='bbox 1337 2918 1420 2963; x_wconf 91' lang='lat' dir='ltr'><strong>nam</strong></span> <span class='ocrx_word' id='word_1_106' title='bbox 1433 2894 1479 2965; x_wconf 89' lang='lat' dir='ltr'><strong>ab</strong></span> <span class='ocrx_word' id='word_1_107' title='bbox 1491 2894 1570 2964; x_wconf 87' lang='lat' dir='ltr'><strong>aliis</strong></span> 
     </span>
     <span class='ocr_line' id='line_1_14' title="bbox 246 3014 1570 3115; baseline -0.003 -28"><span class='ocrx_word' id='word_1_108' title='bbox 246 3043 484 3115; x_wconf 74' lang='lat' dir='ltr'><strong>quaecumque</strong></span> <span class='ocrx_word' id='word_1_109' title='bbox 507 3019 665 3113; x_wconf 92' lang='lat' dir='ltr'><strong>sumpsi,</strong></span> <span class='ocrx_word' id='word_1_110' title='bbox 684 3042 724 3087; x_wconf 89' lang='lat' dir='ltr'><strong>ea</strong></span> <span class='ocrx_word' id='word_1_111' title='bbox 740 3016 908 3112; x_wconf 82' lang='lat' dir='ltr'><strong>leguntur</strong></span> <span class='ocrx_word' id='word_1_112' title='bbox 930 3041 1014 3086; x_wconf 92' lang='lat' dir='ltr'><strong>cum</strong></span> <span class='ocrx_word' id='word_1_113' title='bbox 1035 3014 1248 3085; x_wconf 88' lang='lat' dir='ltr'><strong>nominibus</strong></span> <span class='ocrx_word' id='word_1_114' title='bbox 1273 3016 1446 3111; x_wconf 88' lang='lat' dir='ltr'><strong>ipsorum.</strong></span> <span class='ocrx_word' id='word_1_115' title='bbox 1476 3015 1570 3086; x_wconf 79' lang='lat' dir='ltr'><strong>Clue-</strong></span> 
     </span>
     <span class='ocr_line' id='line_1_15' title="bbox 247 3136 1570 3236; baseline -0.004 -27"><span class='ocrx_word' id='word_1_116' title='bbox 247 3141 307 3209; x_wconf 78' lang='lat' dir='ltr'><strong>rili</strong></span> <span class='ocrx_word' id='word_1_117' title='bbox 323 3165 469 3236; x_wconf 90' lang='lat' dir='ltr'><strong>quoque</strong></span> <span class='ocrx_word' id='word_1_118' title='bbox 497 3139 710 3233; x_wconf 84' lang='lat' dir='ltr'><strong>fragmenta,</strong></span> <span class='ocrx_word' id='word_1_119' title='bbox 731 3137 780 3207; x_wconf 88' lang='lat' dir='ltr'><strong>ob</strong></span> <span class='ocrx_word' id='word_1_120' title='bbox 811 3138 1106 3225; x_wconf 82' lang='lat' dir='ltr'><strong>continuitatem,</strong></span> <span class='ocrx_word' id='word_1_121' title='bbox 1138 3138 1174 3205; x_wconf 89' lang='lat' dir='ltr'><strong>in</strong></span> <span class='ocrx_word' id='word_1_122' title='bbox 1202 3136 1298 3206; x_wconf 90' lang='lat' dir='ltr'><strong>illam</strong></span> <span class='ocrx_word' id='word_1_123' title='bbox 1325 3137 1452 3205; x_wconf 91' lang='lat' dir='ltr'><strong>seriem</strong></span> <span class='ocrx_word' id='word_1_124' title='bbox 1483 3137 1570 3206; x_wconf 89' lang='lat' dir='ltr'><strong>reci-</strong></span> 
     </span>
     <span class='ocr_line' id='line_1_16' title="bbox 247 3258 1432 3356; baseline -0.003 -27"><span class='ocrx_word' id='word_1_125' title='bbox 247 3260 378 3356; x_wconf 91' lang='lat' dir='ltr'><strong>pienda</strong></span> <span class='ocrx_word' id='word_1_126' title='bbox 404 3285 480 3331; x_wconf 89' lang='lat' dir='ltr'><strong>esse</strong></span> <span class='ocrx_word' id='word_1_127' title='bbox 500 3260 604 3349; x_wconf 81' lang='lat' dir='ltr'><strong>duri,</strong></span> <span class='ocrx_word' id='word_1_128' title='bbox 625 3274 660 3330; x_wconf 91' lang='lat' dir='ltr'><strong>et</strong></span> <span class='ocrx_word' id='word_1_129' title='bbox 677 3263 758 3329; x_wconf 78' lang='lat' dir='ltr'><strong>Asr&#39;r&#39;</strong></span> <span class='ocrx_word' id='word_1_130' title='bbox 777 3259 947 3355; x_wconf 90' lang='lat' dir='ltr'><strong>pauculas</strong></span> <span class='ocrx_word' id='word_1_131' title='bbox 960 3258 1125 3354; x_wconf 85' lang='lat' dir='ltr'><strong>reliquias</strong></span> <span class='ocrx_word' id='word_1_132' title='bbox 1154 3258 1432 3354; x_wconf 70' lang='lat' dir='ltr'><strong>praemittendas.</strong></span> 
     </span>
    </p>

    <p class='ocr_par' dir='ltr' id='par_1_3' title="bbox 249 3379 1577 5196">
     <span class='ocr_line' id='line_1_17' title="bbox 295 3379 1569 3478; baseline -0.004 -26"><span class='ocrx_word' id='word_1_133' title='bbox 295 3385 417 3468; x_wconf 91' lang='lat' dir='ltr'><strong>Quum</strong></span> <span class='ocrx_word' id='word_1_134' title='bbox 438 3407 516 3452; x_wconf 91' lang='lat' dir='ltr'><strong>eam</strong></span> <span class='ocrx_word' id='word_1_135' title='bbox 537 3397 675 3478; x_wconf 91' lang='lat' dir='ltr'><strong>partem</strong></span> <span class='ocrx_word' id='word_1_136' title='bbox 698 3382 853 3475; x_wconf 83' lang='lat' dir='ltr'><strong>negotii,</strong></span> <span class='ocrx_word' id='word_1_137' title='bbox 872 3405 951 3477; x_wconf 79' lang='lat' dir='ltr'><strong>quae</strong></span> <span class='ocrx_word' id='word_1_138' title='bbox 972 3379 1223 3451; x_wconf 82' lang='lat' dir='ltr'><strong>molestissima</strong></span> <span class='ocrx_word' id='word_1_139' title='bbox 1242 3394 1332 3469; x_wconf 88' lang='lat' dir='ltr'><strong>erat,</strong></span> <span class='ocrx_word' id='word_1_140' title='bbox 1355 3382 1569 3475; x_wconf 83' lang='lat' dir='ltr'><strong>peregissem</strong></span> 
     </span>
     <span class='ocr_line' id='line_1_18' title="bbox 249 3501 1571 3600; baseline -0.003 -26"><span class='ocrx_word' id='word_1_141' title='bbox 249 3519 284 3574; x_wconf 93' lang='lat' dir='ltr'><strong>et</strong></span> <span class='ocrx_word' id='word_1_142' title='bbox 296 3503 457 3574; x_wconf 90' lang='lat' dir='ltr'><strong>Pisandri</strong></span> <span class='ocrx_word' id='word_1_143' title='bbox 474 3503 752 3600; x_wconf 90' lang='lat' dir='ltr'><strong>Panyasidisque</strong></span> <span class='ocrx_word' id='word_1_144' title='bbox 773 3504 969 3597; x_wconf 76' lang='lat' dir='ltr'><strong>fragmenta</strong></span> <span class='ocrx_word' id='word_1_145' title='bbox 981 3502 1209 3572; x_wconf 90' lang='lat' dir='ltr'><strong>corrasissem</strong></span> <span class='ocrx_word' id='word_1_146' title='bbox 1227 3501 1502 3597; x_wconf 83' lang='lat' dir='ltr'><strong>undecumque,</strong></span> <span class='ocrx_word' id='word_1_147' title='bbox 1523 3501 1571 3571; x_wconf 85' lang='lat' dir='ltr'><strong>ai·</strong></span> 
     </span>
     <span class='ocr_line' id='line_1_19' title="bbox 249 3626 1570 3724; baseline -0.002 -29"><span class='ocrx_word' id='word_1_148' title='bbox 249 3627 361 3697; x_wconf 79' lang='lat' dir='ltr'><strong>fertur</strong></span> <span class='ocrx_word' id='word_1_149' title='bbox 378 3626 467 3695; x_wconf 90' lang='lat' dir='ltr'><strong>mihi</strong></span> <span class='ocrx_word' id='word_1_150' title='bbox 485 3631 526 3695; x_wconf 83' lang='lat' dir='ltr'><strong>tt.</strong></span> <span class='ocrx_word' id='word_1_151' title='bbox 548 3627 720 3696; x_wconf 84' lang='lat' dir='ltr'><strong>Di&#39;mtzeri</strong></span> <span class='ocrx_word' id='word_1_152' title='bbox 734 3626 837 3714; x_wconf 86' lang='lat' dir='ltr'><strong>liber,</strong></span> <span class='ocrx_word' id='word_1_153' title='bbox 840 3626 1052 3724; x_wconf 80' lang='lat' dir='ltr'><strong>fragmenta</strong></span> <span class='ocrx_word' id='word_1_154' title='bbox 1074 3628 1183 3721; x_wconf 80' lang='lat' dir='ltr'><strong>epr‘coe</strong></span> <span class='ocrx_word' id='word_1_155' title='bbox 1200 3651 1350 3721; x_wconf 80' lang='lat' dir='ltr'><strong>poeseos</strong></span> <span class='ocrx_word' id='word_1_156' title='bbox 1370 3631 1570 3696; x_wconf 81' lang='lat' dir='ltr'><strong>Groecorum</strong></span> 
     </span>
     <span class='ocr_line' id='line_1_20' title="bbox 250 3746 1571 3845; baseline -0.002 -28"><span class='ocrx_word' id='word_1_157' title='bbox 250 3747 300 3817; x_wconf 82' lang='lat' dir='ltr'><strong>ad</strong></span> <span class='ocrx_word' id='word_1_158' title='bbox 309 3765 465 3844; x_wconf 82' lang='lat' dir='ltr'><strong>tenzporn</strong></span> <span class='ocrx_word' id='word_1_159' title='bbox 485 3773 593 3845; x_wconf 83' lang='lat' dir='ltr'><strong>usque</strong></span> <span class='ocrx_word' id='word_1_160' title='bbox 614 3747 812 3817; x_wconf 72' lang='lat' dir='ltr'><strong>Alexandri</strong></span> <span class='ocrx_word' id='word_1_161' title='bbox 830 3754 875 3817; x_wconf 84' lang='grc' dir='ltr'><strong>Μ.</strong></span> <span class='ocrx_word' id='word_1_162' title='bbox 900 3748 1143 3843; x_wconf 90' lang='lat' dir='ltr'><strong>complectens</strong></span> <span class='ocrx_word' id='word_1_163' title='bbox 1167 3747 1361 3843; x_wconf 82' lang='lat' dir='ltr'><strong>(Coloniae,</strong></span> <span class='ocrx_word' id='word_1_164' title='bbox 1389 3746 1505 3841; x_wconf 68' lang='lat'>1840).</span> <span class='ocrx_word' id='word_1_165' title='bbox 1523 3750 1571 3815; x_wconf 84' lang='lat' dir='ltr'><strong>Ex</strong></span> 
     </span>
     <span class='ocr_line' id='line_1_21' title="bbox 250 3868 1573 3967; baseline -0.002 -27"><span class='ocrx_word' id='word_1_166' title='bbox 250 3895 324 3967; x_wconf 95' lang='lat' dir='ltr'><strong>quo</strong></span> <span class='ocrx_word' id='word_1_167' title='bbox 341 3869 451 3941; x_wconf 89' lang='lat' dir='ltr'><strong>didici</strong></span> <span class='ocrx_word' id='word_1_168' title='bbox 468 3870 513 3941; x_wconf 87' lang='lat' dir='ltr'><strong>dc</strong></span> <span class='ocrx_word' id='word_1_169' title='bbox 528 3870 733 3965; x_wconf 89' lang='lat' dir='ltr'><strong>Panyasidis</strong></span> <span class='ocrx_word' id='word_1_170' title='bbox 747 3871 816 3939; x_wconf 87' lang='lat' dir='ltr'><strong>vita</strong></span> <span class='ocrx_word' id='word_1_171' title='bbox 833 3885 866 3939; x_wconf 91' lang='lat' dir='ltr'><strong>et</strong></span> <span class='ocrx_word' id='word_1_172' title='bbox 886 3870 985 3966; x_wconf 90' lang='lat' dir='ltr'><strong>poesi</strong></span> <span class='ocrx_word' id='word_1_173' title='bbox 997 3870 1180 3966; x_wconf 84' lang='lat' dir='ltr'><strong>scripsisse</strong></span> <span class='ocrx_word' id='word_1_174' title='bbox 1195 3868 1287 3940; x_wconf 88' lang='lat' dir='ltr'><strong>duos</strong></span> <span class='ocrx_word' id='word_1_175' title='bbox 1302 3870 1398 3940; x_wconf 88' lang='lat' dir='ltr'><strong>viros</strong></span> <span class='ocrx_word' id='word_1_176' title='bbox 1409 3868 1573 3962; x_wconf 78' lang='lat' dir='ltr'><strong>jureneS,</strong></span> 
     </span>
     <span class='ocr_line' id='line_1_22' title="bbox 250 3990 1573 4087; baseline 0.001 -26"><span class='ocrx_word' id='word_1_177' title='bbox 250 3990 523 4062; x_wconf 82' lang='lat' dir='ltr'><strong>Taschirnerum</strong></span> <span class='ocrx_word' id='word_1_178' title='bbox 546 4008 581 4062; x_wconf 95' lang='lat' dir='ltr'><strong>et</strong></span> <span class='ocrx_word' id='word_1_179' title='bbox 606 3997 632 4061; x_wconf 87' lang='lat' dir='ltr'>F</span> <span class='ocrx_word' id='word_1_180' title='bbox 635 3991 833 4080; x_wconf 85' lang='lat' dir='ltr'><strong>unckeum,</strong></span> <span class='ocrx_word' id='word_1_181' title='bbox 862 4007 1030 4087; x_wconf 73' lang='lat' dir='ltr'><strong>praeterea</strong></span> <span class='ocrx_word' id='word_1_182' title='bbox 1055 3992 1301 4063; x_wconf 86' lang='lat' dir='ltr'><strong>Ecksteinium</strong></span> <span class='ocrx_word' id='word_1_183' title='bbox 1321 3993 1358 4062; x_wconf 91' lang='lat' dir='ltr'><strong>in</strong></span> <span class='ocrx_word' id='word_1_184' title='bbox 1378 3993 1515 4064; x_wconf 89' lang='lat' dir='ltr'><strong>Erschii</strong></span> <span class='ocrx_word' id='word_1_185' title='bbox 1539 4009 1573 4063; x_wconf 91' lang='lat' dir='ltr'><strong>et</strong></span> 
     </span>
     <span class='ocr_line' id='line_1_23' title="bbox 253 4114 1573 4213; baseline 0.002 -29"><span class='ocrx_word' id='word_1_186' title='bbox 253 4115 407 4186; x_wconf 88' lang='lat' dir='ltr'><strong>Gruberi</strong></span> <span class='ocrx_word' id='word_1_187' title='bbox 436 4114 717 4212; x_wconf 80' lang='lat' dir='ltr'><strong>Encyclopaedia.</strong></span> <span class='ocrx_word' id='word_1_188' title='bbox 743 4120 816 4185; x_wconf 83' lang='lat' dir='ltr'><strong>Hac</strong></span> <span class='ocrx_word' id='word_1_189' title='bbox 841 4116 949 4211; x_wconf 85' lang='lat' dir='ltr'><strong>igitur</strong></span> <span class='ocrx_word' id='word_1_190' title='bbox 973 4117 1093 4186; x_wconf 90' lang='lat' dir='ltr'><strong>statim</strong></span> <span class='ocrx_word' id='word_1_191' title='bbox 1119 4117 1294 4213; x_wconf 89' lang='lat' dir='ltr'><strong>inspecta,</strong></span> <span class='ocrx_word' id='word_1_192' title='bbox 1326 4117 1468 4212; x_wconf 84' lang='lat' dir='ltr'><strong>gavisus</strong></span> <span class='ocrx_word' id='word_1_193' title='bbox 1493 4143 1573 4188; x_wconf 91' lang='lat' dir='ltr'><strong>sum</strong></span> 
     </span>
     <span class='ocr_line' id='line_1_24' title="bbox 254 4237 1575 4337; baseline -0.001 -28"><span class='ocrx_word' id='word_1_194' title='bbox 254 4239 497 4309; x_wconf 85' lang='lat' dir='ltr'><strong>Ecksteinium</strong></span> <span class='ocrx_word' id='word_1_195' title='bbox 517 4237 590 4331; x_wconf 93' lang='lat' dir='ltr'><strong>jam</strong></span> <span class='ocrx_word' id='word_1_196' title='bbox 614 4240 650 4309; x_wconf 93' lang='lat' dir='ltr'><strong>in</strong></span> <span class='ocrx_word' id='word_1_197' title='bbox 685 4263 792 4309; x_wconf 92' lang='lat' dir='ltr'><strong>usum</strong></span> <span class='ocrx_word' id='word_1_198' title='bbox 825 4239 1042 4309; x_wconf 86' lang='lat' dir='ltr'><strong>convertisse</strong></span> <span class='ocrx_word' id='word_1_199' title='bbox 1077 4240 1138 4310; x_wconf 91' lang='lat' dir='ltr'><strong>illa</strong></span> <span class='ocrx_word' id='word_1_200' title='bbox 1173 4241 1304 4337; x_wconf 90' lang='lat' dir='ltr'><strong>scripta</strong></span> <span class='ocrx_word' id='word_1_201' title='bbox 1335 4239 1575 4334; x_wconf 85' lang='lat' dir='ltr'><strong>(Tzschinreri</strong></span> 
     </span>
     <span class='ocr_line' id='line_1_25' title="bbox 255 4360 1574 4456; baseline -0.002 -24"><span class='ocrx_word' id='word_1_202' title='bbox 255 4362 298 4433; x_wconf 84' lang='lat' dir='ltr'><strong>de</strong></span> <span class='ocrx_word' id='word_1_203' title='bbox 320 4360 531 4456; x_wconf 69' lang='lat' dir='ltr'><strong>Panyasidis</strong></span> <span class='ocrx_word' id='word_1_204' title='bbox 554 4362 826 4432; x_wconf 71' lang='lat' dir='ltr'><strong>Halicarnasso·</strong></span> <span class='ocrx_word' id='word_1_205' title='bbox 844 4376 960 4456; x_wconf 76' lang='lat' dir='ltr'><strong>postca</strong></span> <span class='ocrx_word' id='word_1_206' title='bbox 983 4364 1062 4431; x_wconf 78' lang='lat' dir='ltr'><strong>vita</strong></span> <span class='ocrx_word' id='word_1_207' title='bbox 1087 4379 1124 4432; x_wconf 82' lang='lat' dir='ltr'><strong>et</strong></span> <span class='ocrx_word' id='word_1_208' title='bbox 1142 4362 1371 4449; x_wconf 71' lang='lat' dir='ltr'><strong>romanibus,</strong></span> <span class='ocrx_word' id='word_1_209' title='bbox 1390 4362 1574 4432; x_wconf 83' lang='lat' dir='ltr'><strong>Vratislav.</strong></span> 
     </span>
     <span class='ocr_line' id='line_1_26' title="bbox 262 4482 1576 4582; baseline -0.002 -27"><span class='ocrx_word' id='word_1_210' title='bbox 262 4484 371 4574; x_wconf 78' lang='lat'>18363</span> <span class='ocrx_word' id='word_1_211' title='bbox 385 4483 543 4554; x_wconf 83' lang='lat' dir='ltr'><strong>Fuuckei</strong></span> <span class='ocrx_word' id='word_1_212' title='bbox 553 4483 595 4552; x_wconf 84' lang='lat' dir='ltr'><strong>de</strong></span> <span class='ocrx_word' id='word_1_213' title='bbox 608 4490 696 4555; x_wconf 82' lang='lat' dir='ltr'><strong>Pan.</strong></span> <span class='ocrx_word' id='word_1_214' title='bbox 708 4484 1031 4554; x_wconf 54' lang='lat' dir='ltr'><strong>Halicarnassum&amp;</strong></span> <span class='ocrx_word' id='word_1_215' title='bbox 1041 4488 1118 4554; x_wconf 79' lang='lat' dir='ltr'><strong>vita</strong></span> <span class='ocrx_word' id='word_1_216' title='bbox 1127 4501 1163 4554; x_wconf 87' lang='lat' dir='ltr'><strong>et</strong></span> <span class='ocrx_word' id='word_1_217' title='bbox 1170 4488 1284 4582; x_wconf 81' lang='lat' dir='ltr'><strong>poesi,</strong></span> <span class='ocrx_word' id='word_1_218' title='bbox 1297 4489 1442 4573; x_wconf 86' lang='lat' dir='ltr'><strong>Bonnae,</strong></span> <span class='ocrx_word' id='word_1_219' title='bbox 1459 4482 1576 4579; x_wconf 79' lang='lat'><strong>1837),</strong></span> 
     </span>
     <span class='ocr_line' id='line_1_27' title="bbox 258 4608 1577 4705; baseline -0.002 -26"><span class='ocrx_word' id='word_1_220' title='bbox 258 4634 337 4705; x_wconf 83' lang='lat' dir='ltr'><strong>quae</strong></span> <span class='ocrx_word' id='word_1_221' title='bbox 356 4609 392 4678; x_wconf 89' lang='lat' dir='ltr'><strong>iu</strong></span> <span class='ocrx_word' id='word_1_222' title='bbox 413 4608 471 4677; x_wconf 87' lang='lat' dir='ltr'><strong>his</strong></span> <span class='ocrx_word' id='word_1_223' title='bbox 487 4608 693 4703; x_wconf 79' lang='lat' dir='ltr'><strong>regionibus</strong></span> <span class='ocrx_word' id='word_1_224' title='bbox 713 4608 841 4677; x_wconf 82' lang='lat' dir='ltr'><strong>frustra</strong></span> <span class='ocrx_word' id='word_1_225' title='bbox 857 4609 1118 4702; x_wconf 83' lang='lat' dir='ltr'><strong>quaesivissem3</strong></span> <span class='ocrx_word' id='word_1_226' title='bbox 1140 4623 1175 4679; x_wconf 91' lang='lat' dir='ltr'><strong>et</strong></span> <span class='ocrx_word' id='word_1_227' title='bbox 1193 4608 1266 4678; x_wconf 82' lang='lat' dir='ltr'><strong>vidi</strong></span> <span class='ocrx_word' id='word_1_228' title='bbox 1284 4633 1341 4679; x_wconf 92' lang='lat' dir='ltr'><strong>me</strong></span> <span class='ocrx_word' id='word_1_229' title='bbox 1360 4608 1396 4677; x_wconf 92' lang='lat' dir='ltr'><strong>in</strong></span> <span class='ocrx_word' id='word_1_230' title='bbox 1417 4609 1479 4696; x_wconf 91' lang='lat' dir='ltr'><strong>iis,</strong></span> <span class='ocrx_word' id='word_1_231' title='bbox 1498 4631 1577 4704; x_wconf 78' lang='lat' dir='ltr'><strong>quae</strong></span> 
     </span>
     <span class='ocr_line' id='line_1_28' title="bbox 256 4729 1577 4829; baseline 0.002 -28"><span class='ocrx_word' id='word_1_232' title='bbox 256 4733 328 4827; x_wconf 89' lang='lat' dir='ltr'><strong>jam</strong></span> <span class='ocrx_word' id='word_1_233' title='bbox 344 4733 438 4827; x_wconf 80' lang='lat' dir='ltr'><strong>typis</strong></span> <span class='ocrx_word' id='word_1_234' title='bbox 458 4757 621 4829; x_wconf 84' lang='lat' dir='ltr'><strong>expressa</strong></span> <span class='ocrx_word' id='word_1_235' title='bbox 641 4729 824 4817; x_wconf 87' lang='lat' dir='ltr'><strong>tenebam,</strong></span> <span class='ocrx_word' id='word_1_236' title='bbox 841 4729 933 4800; x_wconf 89' lang='lat' dir='ltr'><strong>nihil</strong></span> <span class='ocrx_word' id='word_1_237' title='bbox 953 4732 1137 4828; x_wconf 87' lang='lat' dir='ltr'><strong>scripsisse</strong></span> <span class='ocrx_word' id='word_1_238' title='bbox 1153 4730 1253 4829; x_wconf 92' lang='lat' dir='ltr'><strong>quod</strong></span> <span class='ocrx_word' id='word_1_239' title='bbox 1274 4731 1345 4801; x_wconf 89' lang='lat' dir='ltr'><strong>hoc</strong></span> <span class='ocrx_word' id='word_1_240' title='bbox 1367 4732 1448 4803; x_wconf 91' lang='lat' dir='ltr'><strong>loco</strong></span> <span class='ocrx_word' id='word_1_241' title='bbox 1470 4747 1577 4803; x_wconf 87' lang='lat' dir='ltr'><strong>retra·</strong></span> 
     </span>
     <span class='ocr_line' id='line_1_29' title="bbox 259 4855 1576 4942; baseline -0.001 -15"><span class='ocrx_word' id='word_1_242' title='bbox 259 4855 431 4927; x_wconf 90' lang='lat' dir='ltr'><strong>ctandum</strong></span> <span class='ocrx_word' id='word_1_243' title='bbox 449 4870 557 4942; x_wconf 82' lang='lat' dir='ltr'><strong>esset3</strong></span> <span class='ocrx_word' id='word_1_244' title='bbox 597 4856 660 4926; x_wconf 92' lang='lat' dir='ltr'><strong>sed</strong></span> <span class='ocrx_word' id='word_1_245' title='bbox 686 4856 882 4927; x_wconf 87' lang='lat' dir='ltr'><strong>lectoribus</strong></span> <span class='ocrx_word' id='word_1_246' title='bbox 911 4857 1207 4928; x_wconf 89' lang='lat' dir='ltr'><strong>commendamus</strong></span> <span class='ocrx_word' id='word_1_247' title='bbox 1226 4873 1426 4928; x_wconf 87' lang='lat' dir='ltr'><strong>accuratam</strong></span> <span class='ocrx_word' id='word_1_248' title='bbox 1448 4858 1576 4927; x_wconf 89' lang='lat' dir='ltr'><strong>disser-</strong></span> 
     </span>
     <span class='ocr_line' id='line_1_30' title="bbox 263 4977 1577 5075; baseline 0.002 -30"><span class='ocrx_word' id='word_1_249' title='bbox 263 4977 433 5046; x_wconf 87' lang='lat' dir='ltr'><strong>tationem</strong></span> <span class='ocrx_word' id='word_1_250' title='bbox 456 4977 678 5065; x_wconf 80' lang='lat' dir='ltr'><strong>Ecksteinii,</strong></span> <span class='ocrx_word' id='word_1_251' title='bbox 718 4978 997 5074; x_wconf 79' lang='lat' dir='ltr'><strong>Encyciopaediae</strong></span> <span class='ocrx_word' id='word_1_252' title='bbox 1027 5003 1113 5048; x_wconf 90' lang='lat' dir='ltr'><strong>voce</strong></span> <span class='ocrx_word' id='word_1_253' title='bbox 1151 4984 1338 5072; x_wconf 69' lang='lat' dir='ltr'><strong>Purpnsis,</strong></span> <span class='ocrx_word' id='word_1_254' title='bbox 1370 5005 1406 5075; x_wconf 93' lang='lat' dir='ltr'><strong>p.</strong></span> <span class='ocrx_word' id='word_1_255' title='bbox 1440 4980 1577 5067; x_wconf 71' lang='lat'>8-143</span> 
     </span>
     <span class='ocr_line' id='line_1_31' title="bbox 261 5096 1575 5196; baseline 0.002 -30"><span class='ocrx_word' id='word_1_256' title='bbox 261 5096 299 5166; x_wconf 93' lang='lat' dir='ltr'><strong>id</strong></span> <span class='ocrx_word' id='word_1_257' title='bbox 331 5097 448 5167; x_wconf 89' lang='lat' dir='ltr'><strong>solum</strong></span> <span class='ocrx_word' id='word_1_258' title='bbox 484 5112 717 5187; x_wconf 78' lang='lat' dir='ltr'><strong>annotanteS,</strong></span> <span class='ocrx_word' id='word_1_259' title='bbox 742 5099 820 5167; x_wconf 79' lang='lat' dir='ltr'><strong>siro</strong></span> <span class='ocrx_word' id='word_1_260' title='bbox 857 5098 966 5169; x_wconf 90' lang='lat' dir='ltr'><strong>docto</strong></span> <span class='ocrx_word' id='word_1_261' title='bbox 997 5114 1122 5169; x_wconf 90' lang='lat' dir='ltr'><strong>natum</strong></span> <span class='ocrx_word' id='word_1_262' title='bbox 1159 5099 1273 5170; x_wconf 82' lang='lat' dir='ltr'><strong>videri</strong></span> <span class='ocrx_word' id='word_1_263' title='bbox 1300 5117 1443 5196; x_wconf 87' lang='lat' dir='ltr'><strong>poetam</strong></span> <span class='ocrx_word' id='word_1_264' title='bbox 1483 5101 1575 5170; x_wconf 89' lang='lat' dir='ltr'><strong>circa</strong></span> 
     </span>
    </p>
   </div>
   <div class='ocr_carea' id='block_1_3' title="bbox 0 0 2027 5812">
    <p class='ocr_par' dir='ltr' id='par_1_4' title="bbox 0 0 2027 5812">
     <span class='ocr_line' id='line_1_32' title="bbox 0 0 2027 5812; baseline 0 0"><span class='ocrx_word' id='word_1_265' title='bbox 0 0 2027 5812; x_wconf 95' lang='lat' dir='ltr'><strong> </strong></span> 
     </span>
    </p>
   </div>
  </div>
 </body>
</html>
