3998 5818
327 332 346 381 4
577 330 580 335 “
869 306 947 367 ASlI
967 302 1074 365 saltn
1095 300 1344 362 FRAGMENTA.

326 469 369 525 se,
389 447 468 527 quod
481 445 566 505 nimis
579 461 653 521 saepe
666 442 780 499 sactum.
793 437 959 497 Dindorfius
972 434 1087 492 maluit:
1133 436 1168 489 tis
1178 430 1325 490 ardoribus
1337 429 1483 506 decerpto.
1496 430 1528 487 ln
1541 448 1599 505 qno
1610 426 1680 487 illud
1693 428 1797 486 merito
1810 428 1897 488 inter·
1963 466 1964 523 l

370 528 577 608 ἦσαν““τες,
602 549 677 608 quan
703 547 769 585 uam
795 526 926 583 criticum
943 524 1088 600 egregium
1133 539 1266 597 rogamus
1292 518 1369 575 riros
1397 516 1498 573 doctos
1524 516 1575 593 qui
1609 535 1671 574 eam
1696 517 1896 594 conjecturam

328 627 385 682 hoc
406 620 564 680 concedere
591 549 770 696 ptumihsav,
796 625 827 670 nt
845 632 891 669 res
912 630 989 667 nuuc
1014 618 1089 679 sunt,
1134 606 1296 684 probarunt
1306 617 1335 665 et
1356 603 1462 680 inipso
1484 601 1574 661 rerba
1593 614 1687 680 poetae
1701 604 1899 671 admiserunt,

329 710 413 769 valde
435 711 576 767 incertum
601 725 671 774 esse,
694 716 760 761 ante
777 724 820 768 τες
841 713 936 758 autem
959 699 1089 755 lacunam
1135 695 1271 773 quidnam
1283 691 1477 771 judicaverint
1495 691 1531 749 dc
1545 690 1663 749 Doride.
1679 692 1705 750 ls
1723 693 1803 750 enim
1816 713 1899 773 παρο-

330 819 384 877 pro
400 796 520 855 arbitrio
537 794 634 873 potius
647 810 732 870 quam
745 810 781 847 ex
793 788 901 846 indicio
913 787 1011 863 aliquo
1026 803 1091 841 con·
1133 781 1232 841 τίθεται
1246 778 1331 840 Ἀσίου
1350 776 1507 856 ποιήματα,
1525 780 1555 837 in
1577 776 1682 856 quibus
1700 794 1840 838 narretur
1861 779 1898 837 tv.

330 887 420 947 stitui.
437 884 531 943 Ceteri
547 879 631 939 codd.
648 876 841 960 ἀμριόραχίοσι
851 872 983 947 νήσαντες.
998 873 1092 930 «ltine
1135 868 1242 951 ἐρόρουν
1255 868 1385 949 χλιδῶνας
1398 865 1459 949 περί
1471 873 1526 933 τοῖς
1541 864 1697 948 βραχίοσινε
1717 880 1747 924 αι
1763 867 1824 925 hor
1836 867 1897 942 quis

331 974 408 1052 quod
421 973 483 1031 erui
495 969 598 1047 (inquit
610 965 743 1043 Neleius),

410 1073 548 1136 Δαιδάλεοι
563 1071 591 1131 δὲ
605 1070 729 1159 χλιδῶνες
738 1111 862 1128 .......

411 1176 692 1262 ἀμριὺραχιονίσαντες
705 1173 861 1234 ὑπασπίδιον
872 1169 1044 1250 πολεμιστόν,

333 1305 446 1344 versum
461 1284 548 1342 elficit
567 1281 814 1351 rotundissimum,
829 1291 858 1337 et
868 1278 968 1355 jocosa
980 1276 1021 1354 [l]
1033 1275 1093 1333 hsii

333 1372 578 1449 magniloquentia
598 1362 796 1447 dignissimum
817 1381 868 1424 est.
883 1367 1011 1442 Cognata
1024 1384 1095 1445 περι-

333 1457 481 1540 ὑραχιόνιον
492 1505 501 1533 ,
524 1458 711 1540 βραχιονιστήρ
735 1455 903 1532 suppeditat
921 1451 1046 1529 llStcph.
1065 1452 1093 1508 in

333 1549 491 1606 Thesauro.
510 1547 654 1607 Particula
666 1543 706 1627 ἄρ’
719 1544 857 1602 indicium
873 1542 994 1599 fortasse
1008 1538 1095 1596 habet

334 1637 413 1694 vocis
422 1679 431 1707 ,
452 1655 516 1713 quae
531 1636 598 1692 olim
614 1632 776 1711 legebatur,
788 1633 944 1711 ἀριπρεπές,
967 1640 1016 1685 aut
1030 1630 1095 1707 σἰρη-

337 1722 415 1803 ρότες.
437 1724 497 1783 Nisi
514 1723 571 1780 hoc
586 1741 697 1781 merum
710 1719 895 1777 librariorum
911 1716 1095 1775 additamen-

336 1824 395 1868 tum
420 1810 519 1869 estad
540 1809 715 1888 explendum
739 1828 864 1866 versum.
885 1808 955 1865 Nam
976 1802 1096 1861 verbum

335 1897 614 1981 ἀμριὺραχιονίσαντες
626 1919 714 1976 quum
728 1904 1019 1969 maturecorrnptum
1032 1891 1097 1948 luis

335 1999 396 2057 set,
414 1985 474 2064 jam
493 1988 561 2044 olim
580 1987 723 2045 exstitisse
746 1984 881 2043 videntur
898 1982 947 2039 rui
968 1979 1035 2038 inde
1050 2000 1097 2037 ex·

336 2074 502 2151 sculperent
510 2071 748 2155 haecverba‚dppl
760 2069 896 2153 βραχίοσιν
924 2069 1096 2138 σακΡοτισο,

336 2163 415 2238 quod
431 2162 460 2218 in
475 2163 582 2219 ultimis
597 2161 693 2221 verbis
710 2164 798 2231 inest,
816 2178 935 2217 acumen
951 2156 1041 2213 miror
1055 2156 1099 2212 su·

336 2269 402 2326 gere
415 2250 541 2325 potuisse
553 2252 631 2308 viros
643 2249 780 2308 eruditos.
794 2249 864 2320 Quae
875 2246 969 2303 lucem
980 2243 1098 2320 capiunt

336 2357 373 2394 ex
391 2357 478 2397 versu
500 2339 637 2397 secunde.
659 2334 834 2398 Ὑπαοπίδιον
848 2330 1010 2411 πολεμιστὴν
1033 2351 1097 2390 erim

332 2424 434 2499 jocose
446 2427 574 2504 appellat
587 2426 680 2496 Asius,
692 2425 742 2502 qui
752 2436 832 2482 veste
846 2423 938 2479 utitur
948 2421 1050 2497 longa,
1061 2419 1097 2476 ad

336 2523 441 2568 terram
462 2514 632 2589 pertinente.
657 2518 820 2582 Homerus,
842 2505 988 2567 ὑπασπίδια
1004 2505 1097 2588 προόι-

338 2597 469 2665 aava.»
491 2602 596 2660 Fateor
609 2588 709 2671 mihi,
734 2620 826 2678 quum
843 2597 948 2676 saepius
967 2596 1096 2673 legissem

336 2685 425 2742 lt‘aekii
452 2689 599 2765 egregium
621 2686 727 2746 librum
740 2700 759 2758 ,·
773 2705 930 2764 numquam
952 2684 1099 2742 blanditos

338 2792 399 2829 csse
417 2773 482 2830 illos
500 2775 630 2853 χλιδῶνας
642 2772 927 2856 ἄμριόραχιονίσαντας
943 2768 1097 2831 ὑπασπίδιον

336 2859 509 2936 πολεμιστήν.
540 2861 791 2943 Ἀμριόραχιονίζειν
822 2882 880 2919 non
908 2871 1004 2938 potest
1028 2860 1098 2937 quin

315 2957 320 2968 “
336 2948 453 3024 proprie
467 2950 623 3027 significet,
642 2950 763 3008 brachiis
779 2953 839 3007 strr's
857 2951 967 3025 ringere
981 2949 1025 3006 vel
1037 2955 1099 3005 cin-

334 3053 402 3107 gere
419 3047 555 3111 tauquam
580 3037 710 3095 brachiis.
731 3039 802 3098 Nam
825 3034 1030 3118 βραχιονιστήρ,
1052 3056 1099 3092 ar·

335 3124 425 3192 ratila,
459 3124 567 3201 alioqui
589 3125 746 3185 Plutarcho
775 3126 968 3202 antiquiorem
1000 3136 1098 3181 testem

336 3227 395 3265 non
411 3208 536 3284 habens,
552 3214 670 3272 minime
690 3212 795 3291 probat
810 3212 928 3272 verbum
944 3209 1099 3291 βραχιονίζον

336 3296 526 3372 significasse,
539 3301 685 3359 brachium
698 3306 788 3378 cingo.
800 3304 895 3362 Unum
908 3300 1006 3358 inveni
1019 3300 1098 3376 quod

336 3402 400 3438 cnm
412 3389 508 3462 specie
519 3388 614 3467 aliqua
627 3390 787 3466 comparari
801 3391 907 3466 possit,
918 3388 997 3465 apud
1009 3388 1098 3464 Phry·

336 3469 454 3530 nichum
470 3475 590 3534 Bekketi
604 3496 633 3553 p.
648 3477 699 3546 58,
711 3477 727 3533 3
741 3477 977 3557 ι·Παριπλεαριεῖςι
998 3474 1098 3552 σημαί-

335 3582 374 3616 νει
386 3558 416 3618 τὸ
436 3563 631 3643 περιπλακῆναι
647 3562 692 3621 καΙ
707 3567 924 3643 συγκοιμηθῆναι.
949 3562 1005 3622 Sed
1023 3564 1098 3640 finge

335 3647 583 3730 περιόραχισνίζειν,
596 3649 797 3733 περισκελίζιιν,
810 3663 839 3710 et
853 3652 965 3710 diversa
978 3670 1023 3708 res
1034 3664 1077 3708 est
1090 3672 1096 3706 :

336 3756 401 3794 nam
422 3738 624 3816 amplectimur
640 3738 785 3810 brachiis,
807 3738 887 3816 quod
908 3738 997 3796 menti
1018 3738 1097 3815 prius

335 3843 365 3882 se
377 3825 464 3883 ossert
476 3845 561 3904 quam
581 3830 690 3885 cinctus
708 3825 829 3885 brachii.
851 3828 905 3886 lllo
917 3837 1011 3884 autem
1028 3846 1098 3883 con·

335 3911 434 3989 fogere
460 3934 518 3971 non
545 3914 628 3991 licet,
662 3913 902 3997 appropinquatur
935 3933 996 3972 esse
1019 3914 1097 3993 ἀμφι-

335 3996 476 4081 όραχιονίῳ
500 4004 648 4076 iustruere,
668 4016 700 4060 ut
738 4016 781 4063 est
814 4001 993 4084 παραμόνιον,
1020 4023 1097 4080 περι-

1136 958 1241 1017 efficiat
1255 977 1292 1014 ex
1306 956 1373 1026 illis,
1386 955 1512 1035 χλιδῶνες
1525 950 1809 1034 ἀμριόραχιονίσαντις
1825 954 1898 1011 πολτ-

1137 1043 1256 1123 pareds?
1278 1043 1388 1101 bellum
1413 1061 1481 1100 sane
1504 1042 1674 1101 historicum
1698 1055 1749 1100 aut
1770 1042 1899 1117 antiqua-

1137 1133 1212 1190 rium
1230 1143 1346 1208 ageret‚
1370 1130 1567 1208 metaphorica
1591 1128 1708 1187 dicendi
1725 1148 1834 1205 genera
1856 1133 1897 1185 rui

1137 1220 1194 1278 hoc
1210 1219 1298 1277 modo
1318 1219 1445 1297 placeret
1465 1219 1606 1297 accipere.
1623 1220 1721 1277 tuceta
1746 1219 1770 1275 is
1796 1218 1899 1294 depre-

1138 1307 1279 1366 henderet
1291 1308 1319 1364 in
1342 1306 1399 1364 hoc
1413 1307 1511 1378 Ennii,
1793 1330 1890 1409 [pm

1197 1416 1324 1473 Verrunt
1340 1412 1486 1488 extemplo
1502 1410 1647 1490 placidom
1661 1430 1741 1468 mare
1758 1430 1892 1467 marmor·

1178 1521 1316 1597 Superest
1344 1518 1375 1575 in
1397 1536 1483 1576 versu
1510 1519 1527 1574 6
1548 1517 1691 1594 particula
1715 1514 1767 1595 ἄρ’,
1792 1517 1831 1574 de
1847 1538 1899 1595 qna

1139 1608 1264 1676 Naelius‚
1289 1632 1302 1658 ι
1314 1607 1398 1664 inane
1414 1624 1514 1663 versus
1534 1604 1655 1662 fulcrum
1676 1616 1740 1671 est,
1763 1606 1852 1682 quale
1867 1604 1900 1662 ab

1140 1695 1209 1754 Asin
1230 1694 1393 1772 profectum
1413 1713 1474 1752 esse
1488 1693 1537 1750 rix
1554 1694 1684 1769 potuit.»
1705 1694 1783 1751 Vere
1794 1692 1898 1751 dietum

1140 1781 1278 1851 videtur;
1301 1781 1351 1839 sed
1375 1800 1433 1838 non
1455 1782 1495 1838 ita
1517 1779 1617 1838 habito
1640 1782 1668 1837 in
1694 1780 1792 1859 Epicis
1814 1794 1846 1837 ut
1868 1782 1901 1837 dr

1141 1869 1194 1931 hac
1212 1889 1244 1926 re
1263 1869 1458 1946 pronuntiem.
1483 1868 1649 1927 nlnilicium
1673 1867 1795 1925 sortasse
1818 1866 1900 1925 habet

1141 1957 1220 2014 vocis
1233 1977 1298 2033 quae
1311 1957 1380 2014 olim
1395 1955 1560 2034 legebatur,
1580 1953 1790 2035 ἀριπρεπέςαιιι
1807 1956 1900 2036 ἀρηρό·

1140 2067 1190 2111 τις.
1202 2072 1214 2098 ν
1226 2050 1421 2115 Hermannus,
1433 2040 1558 2125 ἀρηρότες
1566 2041 1768 2123 ἀμφοτέρωθεν,
1781 2045 1900 2103 llacbius

1142 2130 1296 2213 ἀριπρεπέες
1306 2131 1457 2214 ἔραίνησαν,
1478 2130 1602 2209 probato
1616 2131 1706 2191 Naeliii
1722 2130 1900 2211 dppttipqso-

1141 2224 1235 2301 υισμῷ.
1247 2222 1367 2281 -Sine
1380 2220 1469 2278 dubio
1480 2240 1545 2277 cum
1560 2220 1653 2278 ironia
1670 2221 1795 2297 qrradam
1813 2220 1901 2297 pingit

1143 2310 1227 2367 Asius
1246 2308 1322 2366 illam
1342 2328 1478 2388 pompam
1495 2308 1673 2379 iunoniam,
1695 2307 1744 2366 sed
1769 2334 1782 2359 ι
1793 2307 1899 2385 jocus·

1141 2395 1210 2453 hinc
1228 2395 1318 2454 abest.

1503 2473 1547 2532 12.

1445 2578 1606 2638 ELEGIAE.

1183 2683 1337 2741 Athenaens
1357 2682 1410 2751 ΙΙΙ,
1424 2701 1453 2759 p.
1470 2681 1535 2756 125,
1547 2684 1569 2741 B
1583 2693 1612 2741 et
1625 2684 1650 2741 D
1663 2704 1671 2738 t
1683 2682 1853 2761 Ιίνισολοῖχός
1865 2706 1903 2747 τις

1145 2758 1170 2828 εί
1180 2768 1225 2828 καί
1243 2766 1311 2828 κατὰ
1334 2768 1378 2827 τὸν
1393 2768 1496 2847 Σάμιον
1507 2767 1620 2843 ποιητὴν
1633 2768 1719 2830 Ἄσιον
1729 2770 1771 2829 rba
1786 2771 1902 2831 :solado

1144 2857 1240 2916 ἐκεῖνον
1254 2854 1300 2916 καί
1310 2854 1471 2925 κνισοκόλαξ.
1488 2901 1495 2914 .
1508 2901 1515 2916 .
1528 2902 1535 2916 .
1552 2857 1660 2931 'Epis-et
1670 2858 1857 2927 ὑθὺλπιανὶος.
1873 2904 1899 2917 ..

1144 2944 1202 3004 τίνα
1214 2945 1270 3004 ἐστὶ
1285 2943 1320 3004 ad
1334 2952 1380 3005 τοῦ
1397 2944 1483 3007 Ἀσίου
1497 2944 1549 3019 ἔπη
1565 2943 1599 3006 τὰ
1616 2946 1677 3028 περὶ
1690 2953 1736 3005 τοὺ
1745 2948 1901 3007 κνισοκολιε-

1144 3056 1196 3101 κος.
1216 3031 1259 3093 Ta
1273 3032 1321 3113 μὲν
1335 3024 1379 3093 οὑν
1393 3039 1439 3093 τοῦ
1457 3032 1559 3110 Ἀσίου,
1580 3032 1630 3117 ἔφη
1652 3039 1667 3094 δ
1685 3035 1832 3117 diupi-dee,
1853 3035 1900 3095 bu

1143 3120 1217 3179 ταῦτ’
1228 3119 1291 3180 ἔστι·

1204 3227 1309 3304 Χαλδς,
1326 3231 1496 3309 στιγματίης,
1517 3228 1694 3313 πολυγήραος,
1706 3220 1769 3297 ’ίσος
1787 3230 1886 3313 Sliq,

1241 3327 1305 3408 ἦλθε
1318 3335 1486 3411 κνισοκόλαξ,
1501 3327 1558 3395 edre
1569 3336 1660 3407 ΙίΙελης
1672 3336 1782 3416 ἐκόμει,

1203 3439 1324 3515 ἄκλητος,
1339 3444 1426 3520 ζωμοῦ
1440 3436 1614 3523 κεχρημένος
1629 3442 1656 3503 ἕν
1669 3440 1697 3500 δδ
1709 3440 1831 3520 μέσοισιν

1242 3545 1312 3627 ἥρως
1325 3544 1440 3618 είστόκει
1454 3544 1579 3629 βορόόρσυ
1597 3542 1728 3615 ίξαναδὺς.

1182 3655 1246 3712 V.a
1264 3652 1420 3710 articulum
1441 3652 1553 3710 addidit
1572 3652 1854 3730 Schweighaeuserus
1870 3674 1906 3712 aa

1143 3739 1308 3807 Marciano,
1330 3752 1363 3797 ut
1386 3740 1440 3813 ait,
1464 3739 1566 3798 codice
1587 3752 1616 3798 ct
1638 3738 1743 3800 editis:
1760 3740 1813 3801 sed
1832 3760 1903 3799 escae

1144 3827 1310 3886 Diodorfins
1322 3826 1430 3886 codicis
1439 3829 1612 3887 mentionem
1621 3829 1727 3887 omisit.
1737 3819 1904 3900 tauriano

1142 3916 1323 3993 xr.‚epitome
1334 3907 1397 3990 {lide
1407 3938 1446 3973 κν.
1454 3916 1549 3974 Etiam
1559 3918 1587 3974 in
1598 3917 1710 3974 minore
1718 3916 1853 3977 oodirnm
1862 3938 1904 3975 ao·

1143 4005 1274 4062 ctoritate
1280 4005 1423 4081 scriptura
1434 4004 1496 4063 sine
1506 4005 1628 4063 articulo
1635 4005 1815 4083 preferenda
1825 4007 1904 4065 suisa

334 4086 494 4166 τραχήλιονε
511 4109 563 4147 usu
583 4092 659 4149 enim
680 4092 848 4149 conlirmata
868 4105 895 4148 et
916 4089 1098 4166 frequentata
1142 4092 1276 4149 videtur:
1294 4092 1344 4150 sed
1359 4092 1591 4152 antecedentium
1605 4094 1742 4152 interitus
1754 4096 1904 4152 certamin

334 4174 478 4251 ejusmodi
490 4177 630 4236 vocabula
642 4197 704 4237 esse
714 4178 830 4249 debent,
843 4190 998 4256 antequam
1008 4176 1098 4235 rerba
1142 4180 1195 4237 hac
1206 4200 1243 4239 re
1254 4178 1396 4256 judicium
1410 4196 1469 4238 non
1484 4182 1618 4239 admittit.
1629 4215 1666 4225 -
1682 4183 1773 4241 Meles
1790 4183 1857 4251 ille,
1879 4184 1904 4239 in

335 4262 401 4322 inde
414 4266 482 4343 fingi
495 4267 622 4344 possint,
638 4288 762 4347 qnorum
774 4287 875 4326 sensns
886 4288 923 4326 ex
934 4268 1096 4343 composito
1142 4266 1224 4342 cujus
1241 4268 1357 4345 nuptias
1371 4268 1481 4345 ingruit
1503 4266 1677 4343 κνισοκόλαξ,
1698 4268 1829 4327 dubitari
1850 4290 1904 4327 nnn

335 4349 517 4412 substantivo
536 4355 680 4432 pendeat:
698 4367 728 4414 at
747 4353 965 4437 όμριόραχιονίου
985 4355 1095 4439 nullum
1141 4367 1238 4431 potest
1254 4356 1324 4431 quin
1337 4358 1374 4414 sit
1387 4357 1493 4415 fluvius
1507 4356 1543 4414 ad
1556 4359 1707 4435 Smyrnam
1720 4377 1729 4427 ς
1744 4358 1824 4417 idem
1836 4357 1905 4415 salse

334 4455 455 4515 usquam
470 4442 632 4519 vestigium.
657 4444 752 4515 Quare
766 4442 924 4501 secundnm
947 4442 1096 4520 conjectu·
1141 4442 1246 4500 dicitur
1260 4442 1346 4503 heros
1357 4457 1386 4501 et
1396 4444 1497 4503 adesse
1508 4464 1591 4503 coeno
1602 4464 1745 4522 egressus.
1759 4449 1832 4505 nec
1841 4465 1903 4506 rere

334 4544 395 4583 ram
416 4528 493 4586 illam
508 4528 548 4587 ita
566 4528 628 4607 jam
649 4550 765 4590 necesse
783 4543 826 4591 est
844 4532 981 4609 loquatur
1002 4531 1095 4600 Asius,
1141 4529 1308 4590 observasse
1327 4532 1494 4592 Welckerus
1519 4533 1573 4614 (de
1589 4533 1677 4610 Cyclo
1696 4534 1784 4613 epico
1807 4554 1839 4613 p.
1853 4540 1901 4601 'll

334 4650 343 4665 ιι
355 4617 480 4693 χλιδῶνες
495 4618 665 4679 bellatorem
688 4623 956 4687 circumhraclrianr,
971 4646 984 4673 ν
1003 4619 1096 4677 verbo
1141 4616 1201 4696 sq.)
1221 4618 1306 4676 etiam
1328 4619 1384 4677 illis
1405 4620 1539 4679 omnibus
1562 4620 1725 4693 ridebitur,
1745 4624 1800 4699 qui
1823 4622 1904 4679 aliter

334 4727 391 4765 non
404 4708 542 4766 arrdacius
555 4728 607 4766 nec
620 4728 695 4765 nove
708 4709 796 4785 magis
808 4728 845 4766 ex
855 4708 943 4766 Plinii
961 4707 1093 4763 brachia·
1140 4717 1266 4762 statuent
1282 4705 1318 4763 de
1335 4708 1440 4766 ceteris
1455 4707 1563 4766 ibidem
1583 4709 1744 4787 explicatis.

693 4936 737 4985 ta.

365 5039 459 5090 Samius
476 5042 547 5104 poeta
557 5040 644 5102 istuc.
667 5041 780 5104 antiquos
805 5041 859 5101 llle,
877 5041 939 5091 dixit
959 5040 1095 5095 κνισοκόλαξ

241 5170 244 5173 ¹
336 5104 422 5173 (adipis
436 5121 521 5159 caussa
534 5110 666 5172 adulator),
678 5111 703 5160 in
714 5110 753 5160 his
763 5112 892 5162 versibus:

1138 4870 1853 4940 claudus.notisinustusretulus,mendicosimilis„

1172 4950 1246 5005 venit
1255 4950 1423 5019 Cnisocolax‚
1437 4951 1545 5023 nuptias
1554 4967 1637 5024 quum
1647 4948 1797 5007 celebraret
1807 4952 1904 5017 Meles.

1139 5026 1289 5095 invocatus,
1301 5028 1399 5102 jusculi
1413 5030 1554 5103 indigens:
1567 5030 1595 5086 in
1608 5026 1702 5085 mediis
1713 5044 1780 5086 raro

1173 5106 1298 5162 constitit
1313 5106 1409 5175 heros,
1424 5124 1439 5166 e
1454 5125 1533 5167 cuno
1545 5124 1629 5181 quum
1643 5111 1811 5177 emersisset
