3960 5828
280 315 317 366 ⁷⁰
496 310 790 372 APsONthlKiih'
812 311 842 368 Γ.

375 433 414 503 Ἠ
430 446 462 523 ῥα
475 438 663 522 περιφραδέως,
675 436 754 497 ἐπἰδέ
765 437 857 517 σχεδον
872 437 947 516 ᾔνεον
960 436 1048 520 ἄμφω.

337 531 402 593 Οὐδ’
415 529 467 613 ἄρα
482 528 600 601 Μηδείης
612 526 692 605 θυμὸς
704 525 811 609 τράπετ’
823 525 892 584 ἀλλα
904 530 1010 600 νοῆσαι,

337 616 503 698 μελπομένης
510 640 559 698 περ
574 614 658 694 ὅμως·
674 623 760 673 πᾶσαι
776 609 804 672 δέ
814 617 854 688 οἱ,
867 613 950 686 ἥντιν’
962 612 1051 696 ἀθύροι

283 724 324 768 νου
338 705 457 786 μολπήν,
474 708 522 764 οὑκ
532 704 575 763 ἐπὶ
590 702 667 786 δηρὸν
681 701 822 785 ἐφήνδανεν
840 700 991 785 ἑψιάασθαι.

339 793 419 856 atha
431 792 642 872 μεταλλήγεσκεν
656 791 807 871 ἀμήχανος,
824 788 884 849 οὐδέ
898 790 956 848 ποτ’
970 788 1032 848 ύσσε

338 882 494 966 ἀμφιπολων
503 882 560 960 μεθ’
568 878 660 958 ὅμιλον
670 878 711 959 ἔχ’
716 878 839 961 ἀτρέμας·
850 880 876 945 ἐς
883 876 910 936 δέ
918 875 1053 944 κελεύθους

338 970 434 1044 τηλόσε
445 966 624 1029 παπταίνεσκε
638 966 838 1049 παρακλίνουσα
852 964 972 1048 παρειάς.

341 1051 379 1119 Ἠ
397 1056 470 1136 θαμά
482 1055 513 1129 δή
528 1053 645 1128 στηθέων
660 1054 726 1135 ἐάγη
740 1054 820 1137 κέαρ,
832 1054 931 1114 ὁππότε
943 1055 1037 1113 δοῦπον

285 1166 325 1209 aba
339 1145 445 1220 ήποδθς
461 1143 478 1217 ἢ
491 1143 597 1222 ἀνέμοιο
608 1141 810 1226 παραθρέξαντα
824 1141 944 1201 δοάσσαι.

338 1233 430 1317 Αύτδιρ
444 1231 482 1311 ὅγ’
492 1235 522 1292 ού
533 1230 600 1311 μετὰ
612 1231 689 1313 δηρὸν
704 1230 844 1312 ἐελδομένῃ
856 1228 973 1313 ἐφαάνθη

340 1321 415 1405 ὑψόσ’
429 1320 619 1402 ἀναθρώσκων,
638 1320 685 1379 tac
702 1319 803 1401 Σείριος
818 1319 973 1393 Ὠκεανοῖο,

339 1410 366 1478 δς
380 1408 412 1481 δή
426 1433 466 1468 τοι
477 1407 555 1475 καλὸς
567 1410 615 1486 μέν
630 1406 750 1488 ἀρίζηλός
761 1408 784 1466 τ’
799 1405 930 1467 ἐσιδέσθαι

339 1496 471 1570 ἀντέλλει,
486 1495 594 1575 μήλοισι
612 1496 634 1554 δ’
645 1499 671 1554 ἐν
685 1496 798 1554 ἄσπετον
815 1487 878 1567 ήκεν
890 1493 974 1564 tutto·

287 1602 327 1646 esti
340 1585 375 1653 ὣς
385 1584 437 1668 ἄρα
450 1590 482 1664 τῇ
500 1582 580 1651 καλθς
591 1583 638 1662 μέν
649 1582 777 1656 ἐπήλυθεν
792 1583 961 1693 εἰσοράασθαι

347 1673 499 1747 Αἰσονίδης,
512 1670 632 1750 κάματον
643 1672 671 1730 δέ
688 1671 826 1754 δυσίμερον
843 1694 912 1753 ωρσε
926 1669 1055 1755 φαανθείς.

258 1806 262 1811 -
341 1758 1058 1843 Ἐκδ’άραοἱκραδίηστηθέωνπέσεν,όμματαδάὑτως

340 1850 475 1929 ήχλυσαν·
495 1847 589 1931 θερμὸν
602 1846 630 1907 δέ
646 1843 777 1932 παρηίδας
794 1839 861 1907 εἶλεν
874 1847 983 1930 ἔρευθος.

342 1935 464 1998 Γούνατα
479 1937 501 1995 δ’
513 1936 568 1996 οὔτ’
582 1935 668 1996 ὀπίσω
682 1936 741 1996 ούτε
755 1935 929 2018 προπάροιθεν
944 1938 1029 2017 ἀεῖραι

287 2041 327 2080 aaa
345 2025 457 2101 ἔσθενεν,
467 2026 524 2085 ἀλλ’
533 2014 657 2108 ὑπένερθε
667 2023 741 2104 πάγη
753 2023 843 2092 πόδας.
855 2022 975 2106 Αίδάρα
984 2020 1059 2088 τείως

344 2112 490 2195 ἀμφίπολοι
509 2112 582 2193 μάλα
591 2123 677 2173 πᾶσαι
693 2112 745 2172 ἀπὸ
757 2111 853 2196 σφείων
870 2110 997 2171 ἐλίασθεν.

345 2201 393 2262 Τὼ
408 2202 430 2259 δ’
448 2200 516 2283 ἄνεῳ
530 2201 576 2261 καί
590 2200 699 2260 ἄναυδοι
712 2199 860 2283 ἐφέστασαν
873 2199 1039 2274 ἀλλήλοισιν,

341 2287 358 2361 ἢ
372 2287 490 2370 δρυσίνή
505 2295 638 2372 μακρῇσιν
656 2288 796 2366 ἐειδόμενοι
809 2287 949 2368 ἐλάτῃσιν,

346 2374 403 2435 αἵτε
415 2386 552 2459 παρᾶσσον
566 2376 657 2450 έκηλοι
670 2379 697 2435 ἐν
714 2375 815 2458 οὔρεσιν
828 2375 980 2458 ἐρρίζωνται

289 2481 330 2523 ντο
345 2464 470 2545 νηνεμίῃ·
487 2462 554 2543 μετά
568 2466 591 2523 δ’
604 2457 677 2531 αύτις
688 2463 739 2523 ὑπὸ
753 2469 830 2546 ῥιπῆς
843 2463 950 2542 ἀνέμοιο

346 2551 484 2630 κινύμεναι
497 2550 636 2631 ὁμάδησαν
653 2550 799 2633 ἀπείριτον·
812 2551 847 2619 ὣς
864 2551 917 2634 ἄρα
927 2549 965 2610 τόν
977 2574 1007 2629 γε

347 2638 443 2718 μέλλον
461 2638 518 2707 ἀλις
537 2638 695 2721 φθέγξασθαι
710 2638 761 2698 aab
772 2644 893 2719 πνοιῇσιν
904 2637 1029 2721 Ἔρωτος.

348 2731 369 2788 Γ
370 2732 407 2786 νῶ
419 2725 448 2786 δι’
458 2750 503 2805 μιν
514 2727 654 2800 Αἰσονίδης
670 2725 721 2806 ἄτῃ
742 2729 929 2800 ἐνιπεπτηυῖαν

347 2815 471 2898 θευμορίη
482 2814 529 2875 καί
540 2824 610 2874 τοῖον
625 2814 792 2875 ὑποσσαίνων
808 2813 877 2899 φάτο
891 2819 981 2894 μῦθον.

291 2922 331 2961 075
387 2901 473 2965 Τίπτε
483 2928 530 2983 με,
546 2902 706 2987 παρθενική,
725 2901 801 2963 τόσον
815 2902 890 2973 θίζεαι
906 2893 959 2962 οἷον
973 2902 1062 2977 ἐόντα,

345 2991 386 3051 ot
403 3015 443 3051 τοι
455 2991 535 3070 ἐγὼν,
547 2984 633 3052 οἷοίτε
645 2990 787 3072 δυσαυχέες
798 2990 874 3050 ἄλλοι
889 2990 962 3050 ἔασιν

342 3078 446 3161 ἀνέρες,
461 3081 523 3155 οὐδ’,
534 3078 578 3139 ότι
590 3103 640 3162 περ
649 3078 738 3162 πάτρῃ
750 3078 788 3138 ένι
801 3078 991 3153 ναιετάασκον,

345 3158 381 3238 ήα
396 3167 487 3249 πάρος.
502 3172 550 3250 Τῷ
567 3168 605 3246 μή
616 3191 650 3247 με
662 3166 722 3241 λίην
737 3166 888 3250 ὑπεραίδεο,
909 3165 1008 3248 κούρη,

346 3254 363 3326 ἥ
374 3280 401 3314 τι
413 3254 628 3338 παρεξερέεσθαι,
645 3254 712 3315 dam
724 3254 797 3338 φίλον
819 3253 870 3330 ,ήέ
885 3279 912 3314 τι
926 3256 1033 3337 φάσθαι.

292 3359 332 3402 uso
346 3343 416 3403 'aii‘
432 3344 490 3404 ἐπεὶ
506 3344 658 3417 ἀλλήλοισιν
671 3343 796 3422 ἱκάνομεν
813 3340 977 3421 εὐμενέοντες

349 3429 429 3513 χώρῳ
443 3434 470 3491 ἐν
485 3429 604 3513 ἠγαθέῳ,
619 3429 664 3490 ἵνα
677 3433 700 3491 τ’
715 3428 835 3509 ούθέμις
848 3428 902 3490 ἐστ’
914 3428 1063 3505 ἀλιτέσθαι,

347 3519 481 3601 ἀμφαδίην
492 3516 600 3602 ἀγόρευε
613 3520 659 3579 καί
669 3519 751 3601 εἴρεο·
765 3517 834 3597 μηδέ
845 3542 878 3597 με
890 3526 1010 3599 τερπνοῖς

352 3605 478 3689 φηλώσῃς
488 3602 626 3682 ἐπέεσσιν,
640 3607 697 3666 ἐπεὶ
712 3611 847 3689 τοπρῶτον
861 3604 975 3678 ὑπέστης

348 3694 558 3776 αὐτοκασιγνήτῃ
574 3693 710 3773 μενοεικέα
722 3695 850 3778 φάρμακα
862 3692 963 3753 δύσειν.

217 3780 220 3785 ’
293 3796 334 3839 ast>
349 3780 421 3863 Πρός
435 3783 459 3840 α’
473 3784 554 3855 αὐτῆς
566 3781 682 3855 Ἑκάτης
699 3782 870 3862 μειλίσσομαι
888 3781 934 3854 ἠδὲ
948 3782 1050 3856 τοκήων

349 3870 395 3928 καί
405 3869 480 3944 Διὀς,
494 3869 522 3937 δς
536 3869 625 3938 ξείνοις
635 3869 739 3951 ίκέτησί
747 3894 776 3929 τε
789 3871 856 3953 χεῖρ’
870 3869 1021 3953 ὑπερίσχει·

350 3957 499 4040 ἀμφότερον
512 3959 544 4033 δ’,
558 3958 647 4037 ἱκέτης
660 3957 738 4027 ξεῖνός
753 3957 783 4017 τέ
796 3980 837 4017 τοι
851 3957 936 4016 ἐνθάδ’
950 3959 1041 4034 ἱκάνω,

348 4054 431 4127 χρειοῖ
446 4045 576 4127 ἀναγκαίη
588 4045 767 4125 γουνούμενος.
790 4048 831 4107 Oi
847 4043 899 4128 γδιρ
910 4045 1013 4106 ἄνευθεν

351 4133 447 4211 ὑμείων
465 4132 613 4203 στονόεντος
630 4133 768 4218 ὑπέρτερος
782 4132 874 4214 ἔσσομ’
888 4132 991 4195 ἀέθλου.

294 4238 334 4277 ννθ
352 4222 400 4282 Σοὶ
417 4223 440 4280 δ’
454 4220 486 4281 ἀν
500 4221 553 4303 ἐγὼ
562 4222 667 4303 τίσαιμι
679 4223 758 4305 χάριν
773 4220 928 4302 μετόπισθεν
945 4225 1049 4307 ἀρωγῆς

348 4300 367 4390 ᾖ
382 4308 467 4388 θέμις,
483 4314 519 4378 ιὺς
535 4309 639 4371 ἐπέοικε
650 4311 772 4391 διάνδιχα
787 4307 964 4385 ναιετάοντας,

351 4395 451 4475 ούνομα
462 4398 508 4458 καὶ
523 4397 605 4477 καλὸν
618 4396 720 4479 τεύχων
734 4396 821 4466 κλέος·
836 4397 872 4465 ὣς
885 4395 913 4457 δέ
926 4398 972 4457 καί
989 4398 1064 4457 ἀλλον

350 4484 433 4567 ήρωες
449 4485 590 4566 κλήσουσιν
603 4489 630 4554 ἐς
642 4485 763 4548 Ἐλλάδα
778 4485 964 4560 νοστήσαντες,

350 4571 444 4653 ἡρώων
456 4574 479 4631 τ’
492 4572 585 4655 ἄλοχοι
597 4574 642 4634 καί
658 4573 783 4656 μητέρες,
797 4571 827 4633 ui
833 4572 864 4634 νύ
877 4575 937 4634 ποτ’
948 4574 999 4647 ἤδη

295 4675 334 4718 aas
349 4658 434 4736 ἡμέας
447 4659 577 4732 ἠϊόνεσσιν
594 4662 747 4744 ἐφεζόμεναι
759 4661 895 4741 γοάουσιν,

349 4747 420 4806 τάων
432 4746 562 4830 ἀργαλέας
570 4773 615 4810 κεν
629 4749 836 4817 ἀποσκεδάσειας
849 4749 930 4817 ἀνίας.

351 4835 392 4908 Δή
406 4858 470 4895 ποτε
481 4835 527 4896 καλ
541 4838 641 4911 Θησῆα
656 4840 746 4898 κακῶν
760 4836 902 4898 ὑπελύσατ’
916 4836 1015 4896 ἀέθλων

350 4923 495 5005 παρθενική
510 4918 611 4993 Μινωίς
626 4924 788 5007 ἐθφρονέσυσ’
799 4925 932 5007 Ἀριάδνη,

348 5011 380 5083 ήν
394 5012 427 5092 ῥά
440 5036 469 5071 τε
483 5013 612 5095 Πασιφάη
626 5011 708 5096 κούρη
724 5012 799 5073 τέκεν
811 5013 934 5073 Ἠελίοιο.

298 5101 425 5161 ιωοἈλλ’
439 5101 514 5179 ήμὲν
526 5102 572 5162 καί
587 5101 663 5179 νηδς,
678 5102 735 5162 ἐπεὶ
749 5100 828 5183 χόλον
843 5101 934 5161 εὔνασε
949 5098 1048 5175 Μίνως,

1202 310 1568 375 auuoaauilcuuum
1589 316 1661 379 LlB.
1683 321 1735 383 itt.

1128 439 1196 489 Dixit
1206 444 1298 503 astute,
1312 442 1416 492 assensit
1427 448 1508 494 autem
1520 449 1627 510 uterque.

1095 529 1338 590 ltaquererohiedeae
1345 529 1442 581 animus
1449 532 1634 585 convertebatur
1642 535 1729 586 adalia
1738 538 1863 602 raginam

1097 628 1245 678 quamquam
1255 618 1363 667 maeatis
1374 633 1380 666 z
1390 631 1475 669 omnes
1483 632 1541 669 uero
1549 621 1581 681 ei,
1591 634 1763 687 quemcunque
1777 625 1865 679 tudem

1097 703 1196 768 aderet]
1206 708 1313 769 uantum,
1326 720 1375 757 non
1387 706 1431 757 diu
1442 707 1568 773 placebant
1577 708 1759 762 adludeadum.

1097 790 1143 839 sed
1153 790 1257 839 cessarit
1268 790 1393 855 perplexa,
1407 804 1487 856 aeque
1497 805 1606 857 unquam
1619 795 1704 845 oculos

1098 876 1239 927 maranum
1250 878 1282 929 ad
1292 882 1383 929 coetum
1398 892 1483 931 uersos
1496 881 1574 933 tenuit
1589 882 1671 946 quieta
1683 896 1689 931 z
1702 883 1729 934 in
1739 884 1793 936 sias
1808 895 1867 937 rere

1098 966 1168 1030 longe
1179 966 1366 1031 circumspexit,
1379 967 1501 1020 inclinatis
1514 970 1590 1033 genis.

1099 1065 1209 1114 Profecto
1218 1064 1418 1130 sepem-pectore
1426 1066 1579 1131 frangebatur
1588 1067 1695 1132 animas,
1702 1070 1867 1134 quaudostrc·

1099 1152 1187 1218 pitum]
1198 1158 1240 1203 aut
1248 1154 1318 1217 pedis
1328 1159 1371 1206 aut
1379 1155 1446 1206 uenti
1458 1158 1644 1221 praetereuntem
1653 1158 1867 1211 audiresibiuide·

1099 1240 1189 1305 batua]
1207 1245 1238 1292 At
1249 1242 1289 1292 ille
1299 1257 1348 1293 non
1362 1243 1405 1293 diu
1416 1248 1472 1307 post
1483 1242 1630 1294 desideranti
1641 1246 1752 1309 apparuit

1100 1331 1147 1379 alte
1158 1330 1301 1394 prosiliens,
1316 1331 1384 1384 uelut
1395 1332 1472 1382 sirius
1484 1335 1633 1395 exoceaao,

1100 1420 1143 1482 qui
1155 1433 1213 1469 sane
1225 1420 1326 1483 pulcher
1335 1420 1435 1484 quidem
1451 1426 1475 1470 et
1486 1422 1616 1484 preclarus
1630 1422 1747 1487 adspectu

1100 1506 1867 1572 suuntur,pecudibusauteurplurimamimmittitcalamitatem.

1101 1597 1140 1645 sic
1151 1595 1224 1659 igitur
1235 1595 1270 1645 ilii
1280 1595 1381 1659 pulcher
1392 1595 1490 1659 quidem
1502 1596 1601 1647 advenit
1614 1598 1671 1647 sisu

1104 1682 1237 1743 AEsonides,
1248 1695 1382 1732 ammarum
1391 1696 1450 1733 uero
1459 1683 1576 1747 ingratam
1586 1685 1668 1733 attulit
1676 1690 1832 1750 conspectus.

1100 1776 1120 1821 E
1132 1778 1228 1835 pectore
1242 1774 1323 1821 autem
1334 1772 1355 1821 ei
1368 1786 1410 1822 eor
1420 1773 1524 1837 excidit,
1537 1773 1650 1837 oculique
1660 1775 1751 1838 pariter

1101 1857 1370 1921 caligine-tenebantur;
1382 1858 1525 1923 calidusque
1536 1873 1609 1924 genas
1621 1860 1750 1925 occuparit
1761 1860 1845 1912 nabor.

1102 1951 1187 2009 Genua
1198 1961 1243 1997 nec
1255 1952 1401 2011 retrorsum,
1413 1961 1492 2013 neque
1504 1953 1641 2001 antrorsam
1653 1963 1751 2001 morae

1102 2037 1192 2097 aralmt,
1209 2037 1253 2087 sed
1264 2036 1352 2088 subtus
1363 2037 1517 2101 obriguerant
1528 2039 1610 2104 pedes.
1621 2043 1715 2091 interea
1727 2040 1803 2104 igitur

1104 2124 1197 2175 ancillae
1209 2125 1323 2175 adunam
1337 2138 1423 2176 omnes
1434 2124 1465 2178 ab
1478 2126 1526 2179 illis
1539 2127 1709 2179 discesserant.

1103 2211 1141 2261 lili
1152 2212 1214 2262 rnuti
1226 2212 1340 2277 tacitique
1351 2214 1480 2265 adstabant
1491 2214 1538 2267 sihi
1546 2222 1560 2279 ,'

1104 2305 1146 2349 unt
1156 2301 1307 2364 quercubus,
1320 2306 1363 2353 aut
1372 2303 1479 2368 proceris
1490 2304 1583 2356 similes
1594 2306 1726 2368 abietibus,

1104 2402 1160 2451 qum
1170 2391 1241 2452 juxta
1252 2390 1333 2453 quiete
1346 2391 1371 2440 in
1383 2391 1508 2441 montibus
1519 2393 1722 2458 radiassegerunt

1106 2477 1272 2528 ventosiIente
1282 2493 1289 2525 ε
1301 2482 1386 2541 postea
1396 2492 1482 2528 rursus
1493 2479 1586 2543 impetu
1597 2480 1664 2530 renti

1106 2569 1178 2616 motae
1187 2570 1298 2630 strepunt
1309 2567 1457 2617 immensum
1472 2583 1479 2616 :
1492 2566 1528 2618 sic
1538 2567 1612 2631 igitur
1621 2567 1657 2617 illi

1105 2656 1174 2702 erant
1185 2654 1289 2703 multum
1300 2654 1405 2705 locuturi
1417 2654 1508 2706 adflatu
1516 2655 1624 2706 limacis.

1105 2739 1227 2790 intellexit
1238 2743 1320 2790 autem
1330 2740 1413 2804 ipsam
1427 2744 1504 2791 lason
1518 2741 1544 2791 iu
1556 2740 1648 2793 maium
1664 2742 1780 2795 incidisse

1105 2826 1384 2892 diuinitusimmissum,
1396 2832 1469 2892 atque
1481 2829 1553 2879 talem
1564 2828 1692 2881 blandiens
1707 2830 1770 2882 dixit
1784 2842 1876 2882 sermo·

1106 2924 1162 2960 nem
1173 2911 1196 2976 :]
1210 2916 1312 2974 curare,
1323 2913 1401 2976 uirgo,
1413 2916 1537 2978 tantopere
1546 2914 1638 2965 vereris
1648 2916 1781 2978 quum-sim
1791 2916 1877 2966 sotus?

1106 3002 1159 3048 Non
1171 3012 1229 3049 sanc
1241 3001 1441 3064 sustulissem,
1455 3001 1540 3066 quales
1551 3002 1749 3065 malegloriautes
1763 3004 1806 3055 alii
1817 3011 1875 3055 sunt

1106 3084 1166 3146 viri,
1177 3098 1234 3145 nec,
1246 3084 1345 3147 quando
1356 3086 1383 3136 iu
1394 3085 1471 3150 patria
1482 3085 1636 3149 habitabam,

1108 3171 1142 3222 tui
1154 3178 1231 3224 antea.
1244 3178 1325 3234 Quare
1337 3189 1368 3226 ae
1382 3176 1487 3227 nimium
1500 3189 1540 3227 me
1553 3190 1648 3241 verere,
1661 3177 1757 3242 puella,

1107 3261 1245 3325 autaliquid
1250 3262 1404 3327 interrogare,
1411 3264 1478 3327 quod
1483 3264 1527 3315 tihi
1532 3263 1633 3329 placeat,
1639 3270 1682 3315 aut
1687 3264 1779 3330 aliquid
1785 3264 1876 3316 dicere.

1107 3350 1152 3399 Sed
1165 3349 1280 3412 quoniam
1292 3351 1363 3399 nohis
1374 3364 1534 3403 convenimus
1545 3352 1654 3403 tarentas

1107 3437 1160 3487 lora
1175 3438 1201 3487 in
1215 3451 1297 3499 mero,
1311 3438 1354 3488 ubi
1366 3438 1433 3488 netas
1444 3444 1481 3489 est
1495 3439 1618 3502 decipere,

1107 3529 1187 3589 aperte
1201 3525 1241 3576 dic
1252 3528 1324 3589 atque
1335 3540 1433 3589 quaere:
1448 3540 1525 3590 neque
1537 3540 1576 3578 me
1587 3528 1704 3578 suavibus

1106 3613 1191 3677 decipe
1202 3613 1298 3676 verbis,
1309 3614 1427 3677 quoniam
1443 3615 1549 3678 primum
1561 3616 1696 3679 promisisti

1107 3701 1324 3764 gannane-sorori,
1340 3704 1364 3751 tc
1377 3701 1464 3752 idonea
1474 3702 1635 3753 medicamina
1645 3703 1875 3767 prebituramessc

1107 3790 1242 3854 peripsam
1254 3793 1279 3839 te
1290 3791 1395 3839 Hecaten
1410 3802 1507 3853 precor,
1521 3793 1593 3853 atque
1607 3792 1719 3854 parentes

1106 3883 1130 3929 et
1141 3882 1240 3941 lovem,
1253 3879 1296 3943 qui
1308 3879 1416 3944 hospites
1425 3883 1450 3930 et
1460 3879 1581 3945 supplicas
1593 3894 1666 3932 mauu
1678 3881 1737 3945 tegit
1749 3897 1756 3931 :

1107 3971 1237 4030 atmmque
1246 3980 1319 4030 vero,
1332 3970 1357 4019 et
1364 3967 1470 4033 supplex
1481 3972 1506 4019 et
1519 3968 1608 4033 hospes
1619 3968 1752 4020 haerente

1107 4055 1141 4105 rei
1150 4055 1293 4105 necessitate
1300 4053 1646 4119 adsupplieaadumcooctus.
1657 4057 1711 4107 Nun
1721 4055 1789 4107 euim
1797 4057 1852 4108 aiae

1106 4141 1177 4190 robis
1189 4141 1300 4191 luctuoso
1312 4141 1422 4206 superior
1435 4154 1477 4191 ero
1488 4141 1579 4194 labore.

1106 4229 1160 4280 Tibi
1174 4243 1232 4281 vero
1243 4243 1287 4294 ego
1297 4229 1426 4293 rependam
1437 4229 1538 4293 gratiam
1550 4236 1635 4294 postea
1646 4230 1743 4291 auxilii,

1107 4321 1135 4366 ut
1144 4317 1180 4366 las
1188 4319 1235 4373 est,
1247 4315 1453 4379 quemadmodum
1462 4315 1755 4368 marealtdiuersistocis
1767 4316 1878 4367 habitau-

1106 4403 1196 4469 tihus‚]
1207 4417 1296 4455 nomeu
1305 4407 1329 4455 st
1336 4403 1476 4468 praeclaram
1484 4403 1592 4456 efficiam
1600 4405 1648 4457 ttbt
1657 4404 1761 4455 samam:
1772 4405 1808 4456 ita
1818 4417 1878 4457 rara

1106 4496 1180 4544 etiam
1188 4492 1270 4558 ceteri]
1279 4493 1365 4543 heroes
1372 4491 1528 4543 celebrabunt
1538 4493 1723 4546 telanessum
1732 4494 1825 4544 reversi

1107 4583 1256 4646 heroamque
1267 4584 1381 4646 conjuges
1392 4584 1416 4632 et
1427 4585 1532 4644 matres,
1545 4595 1601 4647 quas
1615 4582 1696 4633 ioman
1706 4583 1758 4647 jam

1107 4685 1152 4722 nos
1166 4670 1288 4721 littoribus
1300 4670 1433 4721 insidentes
1444 4668 1569 4735 deplorant
1576 4706 1585 4732 ,

1107 4773 1210 4823 quarum
1222 4759 1320 4823 quidem
1332 4758 1414 4809 tristes
1425 4757 1556 4822 dissipabis
1567 4772 1647 4810 curas.

1107 4851 1162 4898 Jarn
1175 4846 1305 4910 aliquando
1315 4844 1435 4897 Theseum
1447 4845 1539 4897 ematis
1550 4847 1639 4911 eripuit
1649 4846 1825 4898 acruminibus

1107 4942 1184 5004 virgo,
1197 4939 1356 5001 Minois-iilia,
1369 4938 1540 5005 benecupieas
1554 4937 1671 4998 Ariadne,

1108 5041 1181 5089 quam
1193 5026 1294 5088 quidem
1303 5026 1421 5090 Pasiphae
1432 5025 1481 5076 tilia
1494 5029 1619 5090 pepererat
1630 5023 1701 5074 solis.

1109 5119 1139 5166 At
1150 5115 1190 5164 illa
1202 5115 1274 5165 etiam
1285 5115 1350 5177 naui,
1363 5118 1492 5179 postquam
1504 5114 1565 5164 iram
1577 5110 1728 5177 compescuit
1738 5108 1837 5171 iilam,
