3998 5818
642 368 873 437 raritasmts

94 518 242 599 perreium)
256 510 399 593 Αίχινάτης
415 511 461 571 καί
473 508 614 587 Αἰγινήτης
630 506 700 567 κατὰ
714 502 825 588 τροπὴν,
839 507 874 570 ὣς

109 612 246 673 Πανύασις
261 606 287 665 tr
301 600 460 685 Ἡρακλείας
477 598 585 684 πρώτη·

168 712 262 795 alippa
274 735 304 772 τε
319 710 419 794 θήρειον
432 704 600 786 Βεμδινήταο
609 702 725 769 λίοντος·

111 818 155 877 καί
169 818 269 883 ἄλλως·

173 919 227 981 llel
238 916 406 997 Βεμύινήταο
417 912 537 994 πελώρου
551 909 635 992 δίρμα
648 908 759 975 λεόντος.

114 1023 265 1104 inquibus
285 1023 388 1080 anirum
404 1030 447 1077 est
469 1014 538 1075 illud
561 1012 607 1072 καὶ
628 1013 716 1079 ἄλλως
744 1010 879 1089 (agnitum

112 1116 196 1171 etiam
207 1108 353 1170 codicibus
363 1103 517 1177 parisinis),
531 1121 619 1179 quum
632 1099 697 1158 alibi
711 1100 882 1178 epitomatur

114 1204 197 1259 solito
212 1219 291 1258 mure
304 1198 379 1255 dieat
393 1192 438 1252 καλ
459 1187 602 1262 πάλιν,κοιί
614 1178 698 1261 α’ύθις,
709 1192 723 1247 δ
733 1184 817 1251 αὐτάς.
829 1188 883 1241 Vn

115 1291 166 1347 luit
187 1288 282 1364 igitur,
292 1284 315 1343 si
328 1302 386 1341 uox
397 1282 520 1357 integra,
532 1292 558 1334 rt
570 1281 655 1333 aliter
671 1276 800 1354 (eundem
815 1294 882 1330 ver-

115 1398 176 1434 suru
204 1372 359 1445 ettr·rens);
388 1369 450 1426 sive
476 1366 637 1423 correxerit
659 1364 782 1423 etruclem
816 1383 879 1417 ver·

115 1486 177 1523 sum
193 1461 342 1537 Panyasis,
357 1458 417 1517 sire
432 1456 470 1515 ita
486 1464 626 1513 mutatum
641 1453 786 1531 repetierit
803 1448 881 1507 alibi.

116 1555 247 1612 (aterum
263 1549 298 1606 de
308 1544 462 1626 gestamine
474 1543 601 1603 llerrulis
613 1541 697 1611 dicti,
712 1563 730 1601 ι,
741 1562 770 1598 ιιι
782 1560 818 1597 ex
833 1538 885 1595 de·

116 1637 270 1717 scriptione
283 1654 385 1714 pugnae
398 1651 465 1692 cnm
477 1632 559 1691 leone
571 1630 653 1710 petiti
669 1629 809 1686 ridentur.

159 1820 359 1880 Eratosthenes
379 1819 515 1877 Cataster.
536 1836 561 1873 c.
587 1837 630 1885 ιι,
647 1811 790 1894 Καρκίνοςι
803 1801 888 1875 Οὗτος

119 1910 189 1968 δοκεῖ
201 1912 228 1967 ἐν
245 1917 298 1973 τοῖς
317 1906 423 1990 ἄστροις
445 1908 552 1976 τεθῆναι
575 1901 608 1960 δι’
631 1900 729 1983 Ἥραν,
743 1899 783 1959 ὅτι
802 1898 888 1978 μόνος,

118 1996 247 2077 Ἠρακλεῖ
262 2000 312 2054 τῶν
328 1994 415 2053 ἄλλων
431 1988 653 2072 συμμαχούντων,
665 1988 708 2049 ὅτε
724 1988 771 2061 τὴν
786 1986 824 2049 “V
842 2010 888 2067 ραν

120 2085 226 2167 ἀνῄρει,
239 2086 270 2143 ἐκ
285 2087 332 2154 τῆς
349 2080 444 2161 λίμνης
460 2078 613 2153 ἐκπηδήσας
635 2076 727 2137 ἔδακεν
749 2079 828 2136 αὐτοῦ
846 2072 888 2134 τὸν

119 2172 204 2245 πόδα,
216 2172 334 2251 καθάπερ
346 2168 411 2251 μησί
427 2166 561 2233 Πανύασις
575 2168 602 2224 ἓν
616 2162 771 2245 ἹΙρακλείρ.
788 2164 890 2238 Θυμω·

121 2262 172 2328 θεὶς
183 2260 206 2319 δ’
216 2265 230 2320 δ
243 2258 378 2339 ’Προκλῆς
390 2258 460 2317 δοκεῖ
473 2258 511 2337 τῷ
522 2254 584 2313 ποδί
595 2252 738 2312 ουνθλάσαι
747 2250 832 2309 αὐτόν.
850 2250 891 2306 dd

121 2350 179 2422 illa,
188 2352 241 2406 τῶν
255 2348 341 2405 άλλων
353 2342 575 2424 συμμαχούντων,
588 2342 747 2417 Ηενιιίιιειι
759 2339 815 2411 Qui
826 2351 892 2396 suut

121 2452 217 2496 autem
238 2437 298 2494 init
319 2437 361 2494 Ex
383 2433 477 2491 sabula
495 2429 572 2509 apud
590 2427 796 2507 Apollodorum
808 2428 892 2507 (tis,

124 2528 153 2603 a)
169 2540 196 2584 et
209 2525 278 2581 alins
291 2524 358 2581 satis
370 2532 480 2580 comtat
494 2521 601 2578 lolaum
614 2518 710 2575 luisse.
723 2521 818 2590 Quare
831 2517 891 2573 Ga·

123 2617 198 2685 leus,
213 2617 258 2670 τοῦ
272 2609 372 2671 Ἰολάου
384 2612 601 2687 συμμαχοῦντος·
617 2606 819 2684 Koppiersius,
839 2606 892 2662 τῶν

123 2702 184 2781 περὶ
199 2698 298 2759 Ἰολαον
313 2692 535 2774 συμμαχούντων.
561 2694 666 2751 litium
690 2705 782 2750 tamen
802 2704 893 2750 exstat

124 2791 208 2849 etiam
219 2808 265 2867 ap.
278 2785 372 2845 Schd.
384 2784 461 2841 Arati
476 2792 526 2855 ¹47
541 2795 569 2838 et
584 2781 737 2839 l’lravorin.
749 2800 777 2837 v.
790 2778 893 2859 Καρκί-

124 2901 194 2944 νος.»
209 2876 403 2951 -lnterpres
428 2870 590 2930 Germanici
619 2874 748 2929 Arateor.
774 2889 801 2946 p.
837 2871 892 2926 51:

130 2967 281 3022 Cancerr'u
303 2964 389 3018 ostris
411 2962 524 3037 positus
549 2978 610 3015 esse
635 2962 747 3029 dicitnr,
762 2956 894 3031 beneficio

124 3055 263 3123 Λημνιὰς
283 3050 360 3127 qaod
382 3068 469 3124 qnam
492 3048 626 3103 Hercules
647 3067 709 3101 cam
732 3048 831 3117 Hydra
855 3050 896 3100 orl

124 3144 231 3213 linirem
248 3145 400 3197 Leruoerrm
428 3138 616 3213 depugnant,
640 3136 687 3190 dic
704 3155 807 3191 cancer
820 3137 893 3191 Her·

127 3230 311 3305 crrlr‘spedem
326 3245 420 3283 mortu
435 3224 630 3300 deprehendit,
650 3237 679 3278 ut
693 3225 832 3290 Parrasii
845 3244 896 3277 αυ-

127 3338 188 3377 rtur
198 3322 275 3375 dicit.
289 3320 380 3391 erem
393 3318 483 3373 ι’νιιτιισ
495 3317 629 3371 Horrida
643 3318 784 3369 calcatum
795 3317 897 3369 contri·

130 3411 176 3475 rit,
191 3406 381 3479 beneficioque
391 3406 514 3462 lunonis
528 3406 642 3480 mugnis
650 3404 800 3459 honoribus
810 3406 895 3458 ‹irro-

130 3510 209 3551 rutua
225 3509 276 3549 ert.

171 3661 272 3722 sithen.
282 3661 336 3733 ΧΙ,
349 3679 376 3738 p.
386 3660 454 3736 498,
462 3659 488 3715 D
496 3572 732 3740 :Victriaataapinp
741 3656 898 3738 Ἡρακλείας

130 3751 210 3831 ρησί·

897 368 1147 430 FRAGMENTA.

979 502 1035 561 Τοῦ
1050 500 1164 583 κεράσας
1176 504 1297 583 κρητῆρα
1307 498 1391 580 μίγεν
1405 511 1516 580 χρυσοῖο
1527 497 1640 581 pataria,

1653 377 1687 431 li

980 606 1112 691 σκύπφους
1127 604 1262 685 αίνύμενος
1276 606 1374 685 θαμέας
1384 603 1464 666 ποτὸν
1476 606 1539 678 ἡδὺν
1555 607 1637 666 ἔπινε.

923 713 1115 774 Probabiliter
1135 734 1171 771 ex
1189 712 1323 772 convivio
1337 713 1413 791 apud
1431 713 1550 771 Pholum
1575 727 1691 772 ceritan-

898 814 994 861 ιιιιιιι.
1009 805 1074 875 Quo
1098 802 1245 880 sequentia
1269 802 1354 861 etiam
1375 801 1531 877 fragmenta
1546 801 1692 860 referimus

899 852 958 948 lex
973 891 1115 968 probabili
1137 889 1300 968 conjectura
1316 894 1350 950 0.
1371 891 1482 949 Miilleri
1499 893 1581 965 (lior.
1603 893 1644 961 ll,
1664 912 1691 969 p.

926 982 1002 1050 nn
1538 962 1550 987 ⁸

1295 1059 1324 1117 l.

965 1136 1095 1196 Stobaeus
1107 1139 1201 1197 Floril.
1212 1140 1320 1209 xiiii,
1335 1159 1371 1196 aa
1383 1161 1390 1198 z

983 1225 1055 1284 Ξεῐν’
1070 1222 1117 1303 άγε
1129 1224 1160 1299 δὴ
1172 1226 1217 1285 καί
1226 1226 1295 1285 πῖν’·
1308 1224 1387 1310 άριτλ
1399 1224 1429 1285 νύ
1443 1250 1482 1295 τις
1495 1226 1550 1286 ἔστι
1560 1227 1605 1287 καὶ
1617 1227 1695 1302 αύτη,

984 1326 1011 1394 δς
1018 1328 1042 1386 κ’
1052 1329 1152 1408 ἀνδρῶν
1163 1326 1230 1388 πολθ
1245 1331 1368 1387 πλεῖστον
1381 1331 1408 1387 ἐν
1420 1330 1541 1407 εἰλαπίνῃ
1554 1330 1619 1408 pitu
1632 1330 1694 1408 πίνη

983 1423 1012 1491 ιθ
1029 1432 1074 1492 καί
1095 1431 1288 1511 ἐπισταμένως,
1300 1433 1357 1512 άμα
1369 1434 1392 1493 τ’
1407 1434 1485 1493 ἄλλον
1498 1439 1572 1516 prisca
1591 1434 1693 1515 κελεύῃ.

984 1528 1056 1598 Ἶσόν
1071 1539 1094 1597 θ’
1111 1536 1166 1598 ὅστ’
1176 1541 1203 1597 ir
1214 1540 1284 1599 δαιτὶ
1293 1539 1338 1600 καί
1351 1542 1378 1599 ἰν
1389 1543 1498 1623 πολίμῳ
1509 1540 1564 1609 θοὸς
1572 1541 1637 1623 άνὴρ

956 1659 968 1695 ⁵
985 1644 1094 1721 ὑσμίνας
1109 1642 1204 1703 διίπων
1221 1644 1414 1719 ταλαπενθέος,
1426 1644 1487 1705 ίνθοι
1498 1670 1527 1705 τε
1541 1652 1637 1727 παῦροι

987 1747 1128 1829 θαρσαλέοι
1142 1750 1284 1824 τελέθουσι,
1299 1750 1407 1831 μάνουοί
1416 1776 1445 1811 τι
1458 1757 1548 1834 θοῦρον
1559 1752 1657 1835 Ἄρηα·

986 1860 1031 1913 τοῦ
1043 1854 1089 1932 μὲν
1100 1854 1151 1935 ἐγὼ
1166 1847 1325 1934 tripartiens
1338 1857 1429 1931 κλίος,
1445 1856 1501 1917 ὅστ’
1515 1857 1552 1917 td
1570 1859 1638 1918 δαιτί

986 1959 1115 2041 τέρπηται
1126 1961 1241 2044 παρεὼν,
1254 1962 1311 2042 lips
1324 1963 1348 2023 τ’
1359 1963 1438 2024 ἄλλον
1450 1964 1515 2024 λαὸν
1528 1963 1625 2045 lirim

987 2069 1026 2125 Οὐ
1041 2067 1091 2150 γάρ
1105 2091 1149 2145 μοι
1159 2066 1232 2138 ζώειν
1243 2092 1274 2149 ηε
1289 2070 1359 2129 δοκεῖ
1371 2069 1474 2152 βροτδς,
1488 2069 1546 2130 otti
1568 2074 1660 2151 βιῶναι

948 2191 972 2229 to
990 2171 1136 2255 ἀνθρώποιο
1150 2174 1205 2253 βίον
1220 2175 1424 2258 ταλασίφρονος,
1436 2176 1506 2244 ὅστις
1519 2178 1563 2236 ἀπ’
1578 2177 1647 2237 οἴνου

990 2279 1070 2356 θυμὸν
1084 2278 1212 2361 άρητύοας
1231 2280 1301 2342 πίνοι
1314 2282 1394 2342 ποτὸν
1408 2282 1467 2341 ἄλλ’
1478 2282 1614 2367 ίνεάρρων.

991 2374 1069 2450 Olane
1079 2382 1131 2468 γάρ
1143 2374 1274 2467 replicas
1286 2386 1471 2466 ἐπιχθονίοισιν
1485 2388 1586 2471 άνειιρ,

993 2487 1093 2563 ἐσθλὸν,
1107 2488 1270 2566 ἀλεξίκακον,
1284 2490 1372 2565 πάσης
1386 2494 1531 2566 συνοπηδὸν
1545 2495 1641 2567 ἀοιδῆς.

992 2592 1040 2651 Ἔν
1056 2590 1103 2670 μίν
1114 2589 1163 2675 γάρ
1175 2592 1265 2666 θαλίης
1284 2594 1376 2677 ἐρατὸν
1391 2593 1484 2678 μίρος,
1499 2592 1609 2674 ἀγλαίης
1621 2622 1664 2673 τε,

953 2718 975 2755 rs
992 2699 1019 2756 iv
1039 2698 1066 2755 ii
1079 2698 1264 2779 χοροιτυπίης,
1274 2702 1300 2758 lu
1313 2702 1336 2758 δ’
1345 2704 1453 2782 ἱμερτῆς
1464 2702 1608 2783 φιλότητος.

992 2806 1017 2862 Τ
1019 2829 1040 2885 ῳ
1053 2826 1082 2862 σε
1097 2802 1148 2886 χρὴ
1159 2802 1231 2886 παρά
1246 2804 1315 2864 δαιτί
1326 2804 1479 2885 δεδεγμένον
1493 2806 1596 2889 εύρρονι
1610 2814 1685 2892 θυμοῖ)

996 2908 1089 2981 πίνειν,
1104 2908 1170 2987 μηδὲ
1183 2914 1261 2991 βορῆς
1272 2909 1448 2991 κεκορημίνον
1458 2910 1522 2983 ἠύτε
1533 2920 1605 2991 γῦπα

991 3006 1070 3085 ἧσθαι
1083 3014 1290 3094 πλημμύροντα,
1300 3016 1460 3094 λελασμένον
1474 3019 1662 3099 εὐρροσυνάων.

940 3130 1025 3189 ‚llrcst
1038 3130 1083 3188 hic
1098 3131 1176 3187 locus
1197 3128 1233 3187 ab
1246 3131 1356 3207 optimo
1370 3131 1470 3190 codiee
1489 3134 1627 3193 Parisino.
1641 3137 1673 3193 V.
1689 3140 1705 3195 5

914 3180 919 3303 ί
939 3220 1024 3294 vulgo
1038 3219 1109 3276 male
1123 3216 1184 3275 ἔνθα
1199 3214 1226 3275 δὲ
1239 3239 1268 3274 π.
1284 3219 1417 3277 Correxit
1432 3220 1590 3279 llruuelius
1607 3244 1642 3281 es
1654 3246 1706 3281 suo

915 3313 919 3323 '
938 3307 1043 3364 codice.
1060 3307 1093 3366 V.
1111 3328 1129 3383 9
1144 3306 1302 3365 Brunciius
1314 3307 1397 3365 tacite
1417 3304 1447 3378 ἠδ
1460 3310 1572 3387 βιῶναι,
1592 3324 1657 3369 tort.
1670 3334 1706 3369 ex

939 3394 1003 3453 eod.
1017 3395 1048 3452 V.
1074 3415 1104 3452 ιι
1120 3395 1233 3473 egregie
1252 3395 1376 3454 restituit
1390 3395 1599 3456 Valckenarius.
1617 3400 1707 3475 Vulgo

940 3483 1004 3542 άλλο
1030 3481 1153 3566 νεάρρων.
1184 3482 1342 3542 Schaeserus
1374 3483 1534 3563 conjecerat
1566 3484 1707 3569 κενόρρων.

942 3573 1043 3629 Versus
1062 3593 1094 3627 ra
1108 3584 1137 3629 et
1153 3574 1185 3629 ιδ
1199 3585 1265 3630 sunt
1276 3572 1351 3651 apud
1362 3571 1478 3632 Suidam
1490 3594 1517 3631 ν.
1530 3564 1617 3647 (lirae,
1634 3596 1709 3633 ra-

945 3662 978 3715 18
994 3660 1070 3739 apud
1084 3660 1250 3720 athenaeum
1263 3662 1303 3733 ll,
1319 3681 1348 3739 p.
1361 3663 1409 3733 37,
1421 3665 1454 3721 Α.
1466 3664 1498 3721 V.
1512 3664 1544 3720 ιδ
1556 3664 1708 3723 Athenaeus

940 3746 1014 3827 πάσῃ
1024 3771 1048 3806 σ.
1061 3746 1135 3829 ἀνίῃ,
1148 3749 1223 3809 unde
1236 3750 1434 3809 Valckenarius
1447 3748 1522 3831 πάση
1536 3774 1561 3811 a.
1576 3752 1659 3830 ἀοιδῇ.
1675 3755 1707 3829 θ,
1810 3802 1815 3813 .

133 3912 251 3973 ,fatentes
263 3911 366 3971 dieitur;
376 3909 413 3959 nu
429 3909 547 3972 Panyasis
558 3908 620 3958 libro
628 3908 707 3973 primo
718 3910 857 3961 Heracleae:

188 3982 338 4072 ⁸Pellisque
350 3980 467 4035 belluina
484 3979 651 4035 Bembinetae
666 3979 769 4047 leonis3

131 4067 155 4112 et
165 4062 420 4188 amlilltemlrinatae
433 4128 562 4185 immanis
575 4128 662 4184 leonis
677 4130 788 4185 exuviae.

164 4296 256 4341 Cancer
266 4290 330 4338 inter
344 4288 423 4339 sidera
434 4288 526 4338 retatus
537 4302 590 4338 esse
601 4286 698 4338 videtin
711 4292 809 4353 propter
823 4292 897 4339 ΙΙυιιο·

134 4373 190 4409 uem
203 4374 209 4407 ι
221 4359 287 4408 solas
302 4360 382 4419 enlm,
398 4372 475 4421 quum
491 4358 564 4407 ceteri
579 4358 705 4408 Hermetem
723 4360 748 4408 ln
761 4360 898 4422 perimenda

133 4430 217 4491 ttsdre
226 4429 379 4492 adjurarent,
391 4442 421 4479 es
437 4428 645 4491 modestimine
655 4442 767 4491 egressus
778 4429 842 4479 tillus
859 4446 898 4494 pr·

134 4500 190 4549 deur
199 4500 340 4559 momordit,
353 4506 380 4549 ut
390 4500 508 4562 Panyasis
519 4503 601 4548 narrat
611 4499 637 4548 tn
651 4500 774 4550 lterselea.
794 4501 856 4550 iilne
866 4500 897 4551 ab

134 4570 237 4621 timente
249 4572 311 4620 irato
325 4570 401 4621 fertur
412 4570 474 4634 pede
484 4570 591 4621 stultus
601 4582 664 4620 esse

164 4722 282 4783 Panyasis
294 4721 364 4770 tertio
375 4719 437 4770 libro
446 4720 568 4771 Heracleas
577 4720 628 4770 sit:

134 4806 899 4878 Hoc(rino)quumingentemmiseuissetcrateremauro

550 4886 736 4959 splendentem
748 4925 756 4952 ‚

131 4962 244 5021 crebros
252 4965 367 5037 scyphos
376 4964 484 5038 capiens
494 4981 603 5020 suarem
617 4971 711 5037 potum
726 4965 879 5023 hauriebat.

502 5047 887 5173 innuestlraecintlmarirtus

204 5113 499 5187 Quinbibis‚0lrospes

202 5194 336 5266 appositis
345 5192 461 5267 dapibus
471 5194 569 5252 calices
581 5196 694 5251 educere
707 5196 809 5252 multos

1013 3912 1080 3967 artis
1090 3912 1123 3967 ad
1137 3914 1287 3985 ingenium,
1301 3918 1382 3987 atque
1393 3914 1503 3971 aliosad
1515 3915 1591 3987 poeta
1603 3932 1706 3971 vocare.

1012 3994 1046 4048 Et
1063 4008 1155 4057 mensa
1171 3994 1273 4065 pariter
1283 3994 1369 4049 robur
1379 3999 1519 4066 spectatur
1529 3998 1557 4051 et
1569 3995 1668 4061 armis3

966 4082 979 4121 ι
1011 4088 1127 4144 tranique
1139 4078 1169 4127 ut
1178 4072 1316 4129 confertos
1328 4073 1490 4130 ductorruit
1500 4089 1560 4129 acer
1569 4074 1595 4129 in
1604 4074 1708 4137 hostes,

1012 4152 1135 4223 quamvis
1148 4150 1202 4207 late
1212 4152 1257 4207 alii
1272 4152 1409 4225 trepident
1421 4158 1449 4209 et
1463 4152 1529 4209 bella
1545 4160 1707 4223 pavescant:

941 4240 949 4251 ·
1013 4232 1076 4288 talis
1090 4238 1117 4288 et
1130 4231 1173 4288 ille
1186 4232 1252 4289 milri
1267 4233 1364 4299 (levior
1377 4248 1427 4288 nec
1439 4233 1537 4305 gloria)
1551 4234 1630 4291 iretur

1012 4312 1057 4383 qui
1072 4314 1185 4368 conviva
1198 4312 1296 4368 sedens
1309 4313 1377 4369 alios
1388 4313 1421 4368 ad
1434 4312 1532 4383 gaudia
1545 4314 1628 4383 cogit.

1013 4392 1062 4447 lile
1078 4392 1144 4448 mihi
1159 4392 1215 4449 vita
1230 4392 1339 4464 penitus
1354 4392 1476 4449 caruisse
1492 4392 1618 4458 ridetur,

957 4481 982 4519 ¹0
1012 4480 1059 4529 aut
1073 4476 1148 4529 certe
1161 4474 1273 4529 minime
1289 4472 1398 4529 vitalem
1411 4472 1510 4529 ducere
1524 4472 1621 4539 vitam,

1012 4553 1057 4624 qui
1071 4552 1165 4608 vinum
1179 4550 1289 4625 lugiens
1301 4552 1362 4609 aliis
1375 4568 1405 4608 se
1418 4551 1529 4623 potibus
1544 4550 1641 4625 implet

1013 4633 1125 4689 stultus.
1135 4632 1227 4689 Prima
1239 4632 1383 4690 hominum
1396 4631 1488 4703 generi
1497 4631 1586 4699 bona,
1599 4632 1709 4690 ssanrma

1386 4727 1567 4784 merumque:

1013 4794 1089 4865 pulsa
1102 4792 1372 4867 merolongeeednnt
1382 4791 1595 4859 mala3rarmina
1604 4794 1708 4851 visunt.

1014 4876 1137 4945 Namque
1151 4874 1193 4929 sui
1205 4882 1311 4946 partem
1326 4874 1389 4930 vino
1402 4873 1523 4930 tribuere
1536 4878 1674 4941 venustas,

957 4964 981 5003 ιο
1012 4959 1040 5009 et
1050 4953 1130 5027 jocus
1148 4959 1175 5011 et
1187 4953 1301 5010 lestirus
1315 4969 1411 5022 amor,
1427 4952 1577 5025 mollesque
1591 4952 1709 5010 choreae.

1012 5036 1105 5090 ltlente
1117 5034 1201 5105 igitur
1209 5041 1285 5105 grata
1296 5032 1395 5090 Bacchi
1407 5032 1587 5105 complectere
1598 5048 1709 5101 uranus,

1013 5110 1708 5185 etbibe.neventremstipausdape‚vulturisinstar.

1014 5192 1134 5249 assidens
1145 5208 1256 5260 mense,
1267 5194 1337 5251 laetae
1349 5192 1500 5249 dulcedinis
1510 5206 1614 5265 expers.
1624 5192 1708 5247 llGn.
