3998 5818
660 362 732 422 Asu
752 360 861 423 stult
882 359 1129 425 tusounrtrs
1331 422 1333 429 ,
1656 383 1677 437 s

465 492 511 552 11,
909 488 968 568 jam
983 491 1076 552 minus
1090 494 1216 553 liberalis
1231 494 1293 553 haec
1308 496 1414 574 adjecit
1432 508 1473 577 (p.
1490 503 1578 578 267lz
1593 505 1674 565 «nni

150 590 300 647 ttrhenaeus
318 586 380 657 xli,
394 606 422 664 p.
437 588 503 659 525,
524 586 558 655 E,
574 588 607 646 F:
621 585 687 669 Περὶ
700 589 745 656 τῆς
759 584 869 663 Σαμίων
911 581 956 637 vel
971 582 1012 638 sic
1028 580 1173 640 dubitatio
1188 592 1275 640 restat
1295 601 1330 638 an
1344 581 1436 661 χθονὸς
1450 585 1535 666 εὐρέος
1552 610 1610 646 non
1627 591 1674 648 di·

107 679 207 757 τρυῃῆς
217 678 309 753 Δοῦρις
324 676 434 755 ἱστορῶν
446 670 616 755 παρατίθεται
627 672 712 733 Ἀσίου
722 671 868 750 ποιήματα,
911 679 1011 726 cturus
1025 669 1124 727 luisset
1139 670 1231 739 ustus,
1245 668 1356 746 quippe
1365 672 1412 728 cui
1426 670 1574 733 obversari
1587 677 1673 736 debe·

104 765 147 821 ὅτι
162 738 268 841 ’ἐφόρουν
279 761 410 838 χλιδῶνας
424 758 541 841 περδτοῖς
552 759 683 839 βραχίοσι,
694 758 738 817 καλ
750 757 798 831 τὴν
814 762 869 841 top·
911 751 961 811 bat
973 774 1008 811 ex
1021 756 1147 813 Homero
1161 757 1246 836 εὐρεῖα
1265 754 1345 833 χθών.
1357 783 1369 809 ι
1385 757 1447 816 Imo
1466 757 1673 822 obversabatur

106 846 156 919 τὴν
171 848 274 926 ἄγοντες
286 850 339 905 τῶν
352 846 488 933 Ἡραίων,
505 847 622 915 ἐβάδιζον
642 846 868 924 κατεκτενισμένοι
908 855 1002 914 poeroe
1025 856 1082 899 tam
1098 846 1215 918 antiquo
1240 843 1344 920 lingnae
1371 846 1502 923 analogia
1519 851 1588 924 quid
1614 852 1673 909 ler-

105 934 153 1003 τχς
163 934 247 1003 κόμας
261 934 305 995 χρ
319 933 350 995 τὸ
367 936 524 1015 ‚mmm
544 934 590 993 καὶ
603 932 661 999 rob<
674 932 774 1011 ὤμους
793 932 823 991 τὸ
842 934 868 993 δὲ
910 939 964 998 ret,
974 941 1002 985 et
1015 928 1180 987 addendum
1194 942 1254 987 erat
1266 929 1322 988 hoe
1333 933 1494 1009 exemplum
1508 938 1607 1012 paucis
1620 941 1673 1010 ali-

107 996 215 1101 χόμρμὲν
226 1028 303 1082 τοῦτο
316 994 502 1105 μαρτυρεῖσθαι
517 1020 766 1103 καὶςπὸπαρωμιας
779 1022 867 1095 τῆσδε,
910 1027 1051 1091 qnatenus
1067 1015 1219 1086 similibus,
1242 1018 1265 1074 si
1280 1030 1372 1077 cetera
1390 1020 1476 1098 hujus
1491 1042 1590 1082 versus
1604 1047 1673 1086 sana

105 1111 225 1179 Βαδίζειν
242 1110 350 1191 Ἡραῖον
372 1108 595 1187 ἐμπεπλεγμένον.
614 1107 694 1168 Ἔστι
718 1108 744 1168 δὲ
764 1107 798 1167 εδ
821 1115 867 1167 τοῦ
909 1100 1010 1159 haberi
1033 1105 1203 1180 potuissent.
1223 1104 1301 1162 Adeo
1318 1107 1446 1166 studium
1462 1109 1568 1189 abripit
1588 1114 1672 1171 etiam

106 1197 192 1256 Ἀσίου
204 1196 255 1269 έπη
270 1196 351 1263 οὕτως
362 1195 470 1275 έχοντα·

145 1309 210 1368 Οἱδ
223 1306 306 1373 αὔτως
319 1306 462 1386 φοίτεσκον,
469 1304 539 1373 ὅπως
544 1307 694 1387 πλοκάμους
700 1307 867 1383 κτενίσαιντο,

144 1414 180 1475 εἷς
190 1408 278 1491 Ἥρης
290 1408 407 1487 τέμενος,
423 1408 619 1488 πεπυκασμένοι
630 1406 718 1487 εἵμασι
732 1412 827 1477 καλοῖς·

144 1513 265 1594 χιονέοισι
275 1516 371 1594 χιτῶσι
386 1516 464 1573 πέδον
476 1514 568 1594 χθονὸς
578 1515 663 1597 εὐρέος
673 1506 752 1595 εἶχον·

142 1626 235 1698 χαῖται
249 1618 273 1677 δ’
290 1619 416 1701 ᾐωρεῦντ’
437 1618 526 1702 ἀνέμῳ
535 1620 655 1703 χρυσίοις
667 1622 704 1679 ἐνὶ
718 1622 842 1700 δεσμοῖς·

143 1721 263 1803 χρύσειαι
280 1720 307 1782 δέ
317 1723 447 1805 κόρυμὸαι
461 1725 503 1783 ἐπ’
517 1728 600 1784 αὐτῶν
616 1725 729 1804 τέττιγες
749 1726 796 1791 ὥς·

759 1832 807 1861 *0

144 1830 275 1887 insidiens
289 1828 318 1887 δδ
332 1831 458 1907 χλιδῶνες
467 1829 509 1911 ἄρ’
522 1829 588 1913 cippi
601 1830 736 1912 βραχίοσιν

143 1936 156 1959 1
197 1935 212 1958 t

253 1942 266 1965 ⁶
305 1935 320 1961 '⁹
359 1958 469 2005 ησαντιτ
486 1936 643 1995 ὑπασπίδιον
657 1936 826 2015 πολεμιστήν.

142 2050 246 2106 Versus
256 2049 461 2125 corrupteliset
471 2048 580 2108 lacunis
590 2050 751 2109 laborantes
761 2051 866 2129 corrigi

103 2135 312 2213 aliquatenusa
327 2135 443 2207 criticis,
461 2137 555 2195 sanari
574 2158 631 2195 non
646 2151 811 2215 potuerunt.
830 2143 863 2199 V.

106 2244 116 2279 ι
133 2222 197 2279 cod.
214 2226 375 2283 lllarcianus
391 2220 548 2305 ροιτέεσιιον.
567 2224 677 2291 enan<
690 2226 869 2315 ...uncelenus

102 2331 141 2380 το,
153 2325 182 2365 ιιι
192 2318 330 2385 primum,
352 2315 440 2367 sirau!
449 2332 495 2378 ac,
511 2325 662 2386 postquam
680 2316 798 2385 capillos
811 2316 868 2371 sibi

103 2412 287 2472 compserunt.
301 2398 438 2456 Similiter
446 2394 513 2463 δκιυς
526 2418 590 2455 curn
612 2400 742 2476 optativo
753 2401 864 2476 signifi-

101 2487 244 2543 cationem
266 2484 353 2543 babet
376 2484 562 2561 temporalem
582 2485 660 2563 apud
679 2488 815 2546 llerodot.
837 2492 864 2563 Ι,

107 2594 137 2643 ¹7
151 2595 158 2629 ε
171 2570 262 2639 Ὅκως
271 2570 317 2649 μέν
330 2571 370 2643 εἴη
383 2572 410 2629 έν
425 2576 458 2651 τῇ
472 2575 506 2649 γῇ
519 2572 617 2652 καρπὸς
633 2572 726 2654 ἁδρὸς,
740 2584 866 2649 τηνικαῦ-

101 2681 135 2715 τα
156 2657 281 2717 toldello
310 2658 358 2729 clu
383 2658 517 2740 στρατιήν·
543 2660 603 2728 λἸΙ,
630 2682 684 2738 119
700 2660 811 2731 εὌκοις
838 2664 865 2726 dl

103 2748 250 2819 ἀπίκοιτοὴ
267 2745 387 2825 στρατιὴ,
401 2744 484 2819 σκηνὴ
508 2744 556 2824 μέν
570 2746 631 2806 leuc
650 2760 783 2827 πεπηγυῖα
797 2754 865 2812 ἑτοί-

102 2859 150 2911 μη.
162 2862 174 2885 ν
187 2836 275 2892 Bacll.
288 2835 427 2893 Nimirum
442 2835 471 2891 in
487 2834 530 2892 his
545 2834 614 2894 locis
631 2838 764 2898 omnibus
780 2860 864 2921 repe-

103 2922 174 2979 titur
193 2922 314 2993 metum,
335 2923 449 3000 quoties
472 2922 578 2980 eaedem
600 2946 643 2982 res
666 2928 806 2986 incidunt.
825 2964 863 2976 -

101 2998 164 3065 Vsa
180 3010 264 3066 codd.
283 3009 378 3090 Ἥρας.
400 3009 469 3068 Post
494 3009 571 3069 bunc
592 3031 706 3071 versum
724 3017 864 3078 excidisse
882 3036 886 3085 ι

100 3096 192 3153 sideri
209 3096 338 3173 quaedam
364 3108 441 3155 reete
461 3095 616 3155 observant
635 3104 778 3161 Hermann
790 3138 816 3164 ι.

102 3185 277 3242 lliudorlius.
301 3187 456 3263 Sequentia
484 3187 526 3244 nti
555 3187 698 3264 leguntur,
717 3205 864 3260 οισυνσστως

99 3273 185 3348 adjici
210 3292 267 3329 non
289 3285 433 3349 poterant,
450 3286 574 3333 ceterum
602 3296 653 3334 nec
673 3279 744 3356 ipsa,
765 3283 862 3358 credo,

101 3380 176 3415 sana.
188 3360 288 3419 Χιτῶσι
297 3358 374 3418 πέδον
384 3358 453 3439 ἔχειν
461 3374 494 3419 ttt
503 3360 623 3440 intelligi
636 3386 719 3443 posse
726 3371 863 3429 confiteor

100 3446 170 3523 qnid
186 3446 318 3503 hocloco
332 3446 388 3505 sibi
400 3450 478 3522 velit,
495 3450 533 3507 ita
548 3449 655 3511 dictum
670 3477 731 3515 esse
745 3479 761 3516 a
777 3474 862 3536 poeta

101 3555 158 3591 non
173 3534 339 3593 concedam.
353 3537 415 3595 Non
429 3538 510 3595 novit
524 3540 671 3615 antiquum
687 3545 799 3605 dicendi
813 3569 861 3625 ge·

102 3644 154 3679 ntrs
161 3621 302 3700 ejusmodi
316 3620 479 3701 ambiguam
489 3624 643 3685 laxitatem.
654 3632 739 3691 llecte
748 3634 861 3695 dicere.

99 3722 146 3767 tur
160 3710 236 3787 quod
250 3709 400 3769 lncobsius
410 3710 572 3793 proposuit,
580 3720 757 3794 χιτῶσιπίδον
770 3724 862 3802 χιονδς

101 3796 160 3879 εδρδ
171 3797 282 3879 έσοιιρον.
300 3803 412 3861 Naelsius
428 3803 476 3878 (de
493 3806 616 3868 Cboerilo
632 3828 659 3885 p.
672 3810 718 3885 74)
729 3813 861 3891 conjecit,

100 3889 197 3962 χιτῶσι
214 3884 313 3946 πέδου
337 3888 429 3968 χθονὸς
445 3890 530 3972 εὐρέος
552 3887 631 3975 ε’ίχον,
656 3918 691 3955 eo
716 3920 810 3974 seusu,
831 3906 861 3962 ni

103 3974 302 4041 [attonsorum
323 3977 493 4051 tangebam
516 3984 596 4062 eujus
621 3992 860 4068 constructionis,

102 4060 203 4137 inquit,
214 4088 225 4111 ιι
236 4063 260 4119 si
273 4065 337 4141 quis
348 4065 402 4123 alia
413 4072 543 4147 exempla
556 4074 707 4145 desideret,
721 4078 775 4135 lure
788 4083 863 4142 inter

101 4166 133 4203 ea
148 4151 355 4209 numerandum
364 4174 424 4212 esse
432 4169 513 4229 puto,
524 4180 587 4236 quse
596 4162 680 4219 etium
694 4167 754 4223 sine
766 4191 862 4229 exem-

102 4234 155 4311 plo
165 4236 232 4295 ferri
250 4240 370 4315 possint,
387 4246 545 4319 praesertim
563 4248 591 4305 in
616 4264 699 4326 poeta
717 4267 772 4314 tam
787 4257 863 4318 nnti-

101 4341 189 4399 qnou
218 4328 252 4381 nt
278 4325 364 4395 idem,
386 4348 475 4405 quum
492 4332 528 4391 de
542 4340 655 4410 syntaxi
670 4343 759 4417 χθονὸς
779 4347 863 4428 εὐρέας

100 4408 268 4479 dubitasset,
289 4414 415 4471 incidens
432 4418 460 4473 in
482 4421 662 4481 llomericum
679 4429 741 4498 ἦδδς
758 4435 806 4491 diis
828 4438 845 4509 ή

911 1191 1174 1265 praestarrtissirnosl
1193 1194 1381 1261 llerrnanuus,
1394 1196 1449 1254 nisi
1463 1196 1537 1256 desit
1547 1200 1655 1277 aliquid

910 1275 983 1333 hanc
998 1277 1227 1335 emendationem
1244 1282 1401 1358 proponit:

1664 1243 1673 1272 δ

1147 1408 1345 1489 πεπυκασμένοι
1360 1409 1449 1491 elpines
1461 1416 1565 1487 καλοῖς,

968 1508 1093 1590 χιονέοισι
1104 1515 1208 1589 χιτῶσι,
1216 1513 1295 1571 πέδου
1307 1514 1398 1593 χθονὸς
1415 1515 1501 1597 εὐρέος
1514 1520 1592 1600 ἄχρι,

909 1652 994 1710 quom
1013 1634 1121 1711 recepit
1134 1634 1254 1692 baebius
1267 1658 1273 1692 ε
1289 1636 1338 1693 sed
1351 1638 1381 1694 in
1391 1640 1488 1715 priore
1505 1643 1603 1700 eximii
1616 1645 1671 1704 viri

909 1724 1050 1780 sententia
1070 1725 1309 1800 acquiescendum
1327 1740 1394 1785 erat.
1406 1731 1511 1789 Versus
1525 1742 1539 1798 ι
1554 1748 1582 1791 et
1596 1738 1611 1793 5
1626 1737 1672 1795 in-

908 1830 992 1867 verso
1006 1809 1108 1870 ordine
1129 1810 1298 1888 legebantur
1323 1813 1351 1869 in
1370 1815 1519 1876 codicibus
1534 1821 1672 1895 Athenai,

908 1895 1029 1977 χρύσειαι
1042 1898 1069 1956 δέ
1131 1899 1178 1988 ὥς·
1191 1908 1282 1977 χαῖται
1296 1899 1319 1958 δ’
1373 1903 1486 1980 δεσμοῖς.
1512 1908 1542 1966 ln
1567 1912 1672 1986 quibus

909 1985 951 2042 ἐπ’
976 1986 1060 2043 αὐτῶν
1081 1988 1151 2045 nibil
1180 1987 1266 2045 babet
1287 2008 1346 2066 quo
1367 1992 1467 2051 referri
1488 1996 1578 2071 possit
1594 2013 1670 2075 apte.

910 2072 1041 2132 Feliciter
1054 2094 1103 2133 eos
1125 2077 1301 2153 transposuit
1317 2079 1428 2136 uaekius
1443 2103 1449 2137 ι
1463 2101 1519 2158 qua
1533 2095 1668 2164 transpo-

909 2161 1031 2226 sitione.
1055 2175 1160 2241 praeter
1190 2164 1370 2224 incommoda
1391 2167 1496 2245 quibus
1523 2172 1669 2243 medetur,

908 2248 993 2305 etiam
1011 2249 1159 2325 elegantiae
1173 2250 1243 2308 illud
1263 2253 1392 2328 aperitur
1406 2256 1484 2332 quod
1504 2258 1532 2315 in
1550 2260 1604 2317 bac
1625 2283 1670 2319 rc-

909 2336 1048 2411 petitinne
1060 2338 1148 2395 inest:
1201 2338 1321 2418 χρυσέοις
1334 2338 1372 2398 td
1384 2342 1494 2419 δεσμοῖς·
1507 2346 1625 2427 χρύσειαι
1643 2349 1670 2408 δὲ

908 2419 1037 2502 κόρυμδοιι
1050 2426 1106 2482 κτλ.
1120 2426 1226 2483 Tribus
1238 2427 1372 2505 deinceps
1385 2431 1514 2509 versibus
1524 2435 1560 2493 ab
1570 2438 1670 2496 eadem

909 2510 989 2567 litera
1000 2511 1205 2588 incipientibus
1225 2515 1285 2573 fieri
1299 2529 1411 2592 poterat
1423 2531 1455 2576 ut
1468 2540 1556 2582 unum
1582 2524 1670 2584 libra—

908 2599 968 2656 rius
996 2602 1164 2676 praeteriret,
1185 2623 1283 2660 errore
1306 2606 1503 2667 animadverso
1517 2611 1670 2688 subjiceret

907 2688 999 2746 alteri.
1014 2688 1070 2745 Sed
1091 2689 1145 2746 lroc
1167 2710 1203 2747 ex
1218 2692 1413 2768 antiquiorum
1434 2696 1565 2756 codicum
1579 2702 1670 2760 sornra

909 2774 1024 2850 pendet,
1041 2775 1076 2832 de
1091 2796 1147 2853 qun
1165 2776 1266 2853 ignoro
1287 2779 1310 2835 si
1335 2781 1404 2857 quid
1424 2782 1509 2842 hodie
1536 2788 1669 2863 explora-

907 2861 931 2918 ri
958 2864 1078 2939 possit:
1104 2864 1180 2921 istud
1205 2865 1391 2925 vehementer
1416 2870 1521 2942 miror,
1544 2874 1670 2932 Dindor-

908 2949 974 3006 lium
990 2950 1197 3009 emendationis
1212 2953 1308 3022 illius,
1327 2976 1510 3035 quocumque
1533 2972 1559 3019 te
1575 2976 1669 3020 vertas

907 3041 1083 3109 incusans,
1106 3061 1142 3099 ne
1164 3041 1255 3099 verbo
1275 3039 1398 3119 ‘quidem
1428 3050 1598 3109 meminisse.
1613 3055 1669 3110 Ca-

838 3131 863 3164 f‘
882 3136 887 3171 ι
906 3146 1036 3184 sermono
1063 3130 1206 3186 debentur
1234 3128 1295 3187 baec
1312 3131 1334 3187 δ’
1343 3134 1468 3213 ᾐωρεῦντ’
1480 3134 1576 3217 ἀνέμῳ.
1596 3141 1668 3199 Cod.

906 3216 993 3272 Marc.
1010 3216 1033 3273 δ’
1044 3216 1226 3295 ὼρευτανέμω,
1244 3218 1346 3295 reliqui
1365 3219 1562 3302 δωριυτανέμω.
1585 3228 1668 3284 Coni.

906 3303 1032 3381 llStepb.
1057 3304 1143 3362 'l'bes
1170 3306 1228 3363 vol.
1246 3327 1270 3378 1,
1286 3326 1314 3383 p.
1339 3310 1474 3383 1129ed.
1494 3312 1584 3370 Paris.
1602 3316 1634 3371 V.
1650 3316 1667 3371 5

905 3389 940 3446 nd
953 3389 1071 3450 verbum
1083 3406 1177 3461 sonat,
1187 3415 1275 3450 nureo
1285 3398 1497 3475 ertrnrrfasagia
1508 3409 1668 3477 nepere'psts

905 3476 1016 3554 (comis)
1025 3493 1119 3549 erant,
1129 3483 1365 3567 cr‘endt‘spimilr'a:
1379 3485 1398 3542 i.
1411 3506 1435 3543 e.
1451 3486 1535 3544 ctiam
1551 3509 1668 3551 strnunae

905 3584 995 3621 comae
1013 3567 1040 3622 in
1062 3569 1170 3625 vertice
1187 3571 1349 3628 constrictae
1367 3585 1449 3630 eraut
1463 3594 1534 3632 auro
1556 3577 1667 3637 cicadas

906 3652 1058 3709 insidentes
1070 3655 1220 3713 referente.
1236 3657 1348 3729 Quibus
1360 3660 1534 3720 describitur
1554 3665 1668 3724 celeber

905 3739 952 3797 ille
969 3741 1068 3797 lunum
1087 3741 1227 3821 κρώόυλος.
1251 3746 1333 3805 Cous.
1367 3749 1491 3826 llSteph.
1514 3752 1543 3807 in
1566 3772 1592 3809 τ.
1611 3753 1668 3812 Κό-

906 3826 1105 3906 popilius-V.
1129 3832 1146 3886 6
1171 3831 1255 3889 codd.
1278 3832 1515 3913 &etenimquod
1541 3843 1667 3899 correxit

906 3916 1080 3973 Diodorlius.
1099 3917 1243 3975 lacunam
1266 3919 1315 3977 ubi
1331 3924 1482 3983 statuenda
1502 3926 1539 3983 sit
1559 3926 1667 3987 indicat

905 4002 1012 4059 codicis
1026 4004 1160 4060 lllareinni
1176 4006 1321 4082 scripturn
1331 4009 1398 4089 cippi
1411 4008 1546 4091 βραχίοσιν
1557 4035 1667 4083 ησιιντες

905 4110 941 4147 eo
962 4089 1041 4167 qnod
1056 4092 1117 4147 sine
1132 4106 1249 4150 accentu
1263 4110 1420 4154 cernuntur
1432 4111 1582 4174 postrema.
1595 4103 1664 4160 Nam

905 4178 934 4235 in
952 4179 1093 4254 ejusmodi
1108 4181 1178 4237 loeis
1201 4181 1246 4237 vel
1271 4183 1379 4241 leviora
1401 4185 1506 4244 iudicia
1526 4208 1583 4245 tron
1598 4202 1666 4245 sunt

907 4268 1085 4343 negligenda.
1121 4269 1398 4346 Schweigbaerrserus
1431 4275 1572 4351 scripsit:
1598 4277 1665 4357 ἀμφὶ

907 4354 1042 4435 βραχίοσιν
1055 4346 1122 4426 ἦσαν
1134 4356 1289 4426 '**·r'‚orrrcc
1298 4371 1339 4416 :et
1351 4358 1389 4416 ob
1403 4362 1556 4421 earundem
1566 4364 1665 4422 litern-

854 4483 861 4509 ,
907 4464 968 4499 rum
980 4445 1177 4521 repetitionem
1187 4444 1277 4504 videri
1291 4448 1399 4523 possint
1409 4450 1500 4508 media
1509 4452 1666 4509 intercidis-

101 4521 1663 4581 Q—

436 4591 504 4647 ,tt

132 4719 165 4765 ne
182 4718 318 4768 samiorum
336 4720 396 4771 luxu
417 4724 491 4774 rerba
502 4725 591 4777 faciens
611 4732 691 4793 Duris,
702 4738 858 4799 apponltnsli

101 4803 194 4847 sersus,
207 4804 235 4840 ιιι
251 4793 340 4853 quibus
351 4800 417 4857 patet
427 4802 531 4858 gestasse
547 4801 601 4851 illos
611 4806 717 4857 nmttln
731 4810 793 4859 circa
806 4812 858 4863 bra·

99 4858 160 4917 chia,
172 4863 197 4910 et
206 4861 293 4912 lestum
299 4865 505 4927 tumnisagentes
512 4868 621 4921 incedere
632 4875 716 4926 solitos
725 4892 777 4928 esse
787 4895 857 4933 cumn

100 4928 189 4991 depexo
203 4934 228 4980 et
239 4932 264 4980 ln
284 4933 401 4983 cervicem
413 4940 437 4985 et
452 4937 565 4988 numeros
583 4943 678 5005 rejecta.
693 4950 856 5015 Etnsdemqne

97 4998 357 5061 morlsdoeumenlum,
369 5004 401 5053 ait
411 5006 490 5065 Duris,
499 5022 552 5058 esse
559 5010 630 5060 etlam
636 5017 790 5075 pmrerbium
801 5020 855 5081 boc,

100 5068 215 5118 incedere
225 5073 369 5125 Iunonium
379 5076 501 5137 tmplern's
513 5081 627 5142 captetis.
640 5084 702 5135 Sunt
713 5090 792 5135 antem
806 5091 854 5138 mii

99 5148 184 5185 sersus
195 5137 331 5191 uniusmodi
342 5157 349 5190 ι

214 5261 240 5291 ΙἸί
249 5256 357 5291 tultum
369 5258 495 5302 belcontus.

940 4602 1046 4660 Hirero
1054 4605 1244 4676 procedebant,
1254 4623 1336 4679 quum
1346 4609 1463 4679 primum
1474 4613 1612 4669 cincinnos
1620 4614 1666 4670 de·

1406 4696 1531 4757 proterant
1543 4732 1549 4757 ‚

938 4760 964 4816 in
976 4761 1243 4835 transsumptum,
1255 4763 1343 4820 induti
1354 4767 1478 4823 amiculis
1492 4768 1608 4839 pulchris
1620 4787 1628 4825 ι

938 4841 1022 4896 niveis
1032 4842 1132 4898 tunicis
1144 4845 1232 4899 solum
1247 4844 1309 4902 latae
1321 4851 1403 4902 terrae
1416 4848 1562 4916 tenebant3

937 4927 964 4973 et
974 4920 1061 4989 capilli
1074 4926 1153 4977 vento
1166 4924 1337 4992 agitabantur
1350 4924 1401 4980 sub
1415 4928 1504 4981 aureis
1517 4928 1649 4995 vinculis,

937 4999 1064 5070 aureique
1073 5002 1194 5073 corymbi
1210 5009 1411 5074 superneerant
1428 5004 1527 5062 cicadis
1542 5008 1661 5076 similes,

936 5081 963 5129 ct
977 5074 1079 5133 affabre
1090 5078 1171 5136 lnctae
1181 5083 1293 5139 armilloe
1305 5084 1375 5138 circa
1388 5084 1495 5140 brachiu

940 5190 1088 5210 .........
1106 5158 1200 5230 clypeo
1215 5165 1316 5217 tectum
1332 5162 1500 5219 bellatorem.

1546 5286 1574 5327 an
