<?xml version="1.0" encoding="UTF-8"?>
<!DOCTYPE html PUBLIC "-//W3C//DTD XHTML 1.0 Transitional//EN"
    "http://www.w3.org/TR/xhtml1/DTD/xhtml1-transitional.dtd">
<html xmlns="http://www.w3.org/1999/xhtml" xml:lang="en" lang="en">
 <head>
  <title>
</title>
<meta http-equiv="Content-Type" content="text/html;charset=utf-8" />
  <meta name='ocr-system' content='tesseract 3.04.00' />
  <meta name='ocr-capabilities' content='ocr_page ocr_carea ocr_par ocr_line ocrx_word'/>
</head>
<body>
  <div class='ocr_page' id='page_1' title='image "./hesiodicarmina03hesigoog/hesiodicarmina03hesigoog_0569.png"; bbox 0 0 3998 5818; ppageno 0'>
   <div class='ocr_carea' id='block_1_1' title="bbox 291 358 1271 425">
    <p class='ocr_par' dir='ltr' id='par_1_1' title="bbox 291 358 1271 425">
     <span class='ocr_line' id='line_1_1' title="bbox 291 358 1271 425; baseline 0.015 -16"><span class='ocrx_word' id='word_1_1' title='bbox 291 375 325 423; x_wconf 76' lang='lat'>,0</span> <span class='ocrx_word' id='word_1_2' title='bbox 830 358 1006 418; x_wconf 71' lang='lat' dir='ltr'>pisinian</span> <span class='ocrx_word' id='word_1_3' title='bbox 1027 359 1271 425; x_wconf 70' lang='lat' dir='ltr'>amonesii</span> 
     </span>
    </p>
   </div>
   <div class='ocr_carea' id='block_1_2' title="bbox 328 482 1050 642">
    <p class='ocr_par' dir='ltr' id='par_1_2' title="bbox 328 482 1050 642">
     <span class='ocr_line' id='line_1_2' title="bbox 328 482 1050 642; baseline -0.006 -19"><span class='ocrx_word' id='word_1_4' title='bbox 328 565 405 623; x_wconf 87' lang='lat' dir='ltr'>ldem</span> <span class='ocrx_word' id='word_1_5' title='bbox 421 563 552 637; x_wconf 56' lang='lat' dir='ltr'>i,.1196,</span> <span class='ocrx_word' id='word_1_6' title='bbox 565 482 742 642; x_wconf 68' lang='grc' dir='ltr'>χαλκοθύιρεῖ,</span> <span class='ocrx_word' id='word_1_7' title='bbox 757 562 793 620; x_wconf 88' lang='lat' dir='ltr'>de</span> <span class='ocrx_word' id='word_1_8' title='bbox 804 562 883 618; x_wconf 85' lang='lat' dir='ltr'>clava</span> <span class='ocrx_word' id='word_1_9' title='bbox 900 563 1050 621; x_wconf 86' lang='lat' dir='ltr'>Herculis:</span> 
     </span>
    </p>
   </div>
   <div class='ocr_carea' id='block_1_3' title="bbox 290 638 1052 820">
    <p class='ocr_par' dir='ltr' id='par_1_3' title="bbox 290 638 1052 820">
     <span class='ocr_line' id='line_1_3' title="bbox 291 638 1050 732; baseline -0.012 -20"><span class='ocrx_word' id='word_1_10' title='bbox 291 652 450 732; x_wconf 85' lang='grc' dir='ltr'>Πείσανδρος</span> <span class='ocrx_word' id='word_1_11' title='bbox 473 649 501 707; x_wconf 84' lang='grc' dir='ltr'>δέ</span> <span class='ocrx_word' id='word_1_12' title='bbox 524 647 602 729; x_wconf 65' lang='grc' dir='ltr'>φησιν</span> <span class='ocrx_word' id='word_1_13' title='bbox 627 646 771 727; x_wconf 74' lang='grc' dir='ltr'>θλόχαλκον</span> <span class='ocrx_word' id='word_1_14' title='bbox 797 638 863 706; x_wconf 73' lang='grc' dir='ltr'>εἶναι</span> <span class='ocrx_word' id='word_1_15' title='bbox 880 646 911 706; x_wconf 87' lang='grc' dir='ltr'>τθ</span> <span class='ocrx_word' id='word_1_16' title='bbox 937 648 1050 729; x_wconf 75' lang='grc' dir='ltr'>ῥόπαλον</span> 
     </span>
     <span class='ocr_line' id='line_1_4' title="bbox 290 736 1052 820; baseline -0.004 -21"><span class='ocrx_word' id='word_1_17' title='bbox 290 740 459 820; x_wconf 78' lang='grc' dir='ltr'>Ἡρακλέους.</span> <span class='ocrx_word' id='word_1_18' title='bbox 482 740 578 810; x_wconf 88' lang='lat' dir='ltr'>Quum</span> <span class='ocrx_word' id='word_1_19' title='bbox 593 737 701 813; x_wconf 86' lang='lat' dir='ltr'>reliqua</span> <span class='ocrx_word' id='word_1_20' title='bbox 720 736 756 795; x_wconf 91' lang='lat' dir='ltr'>ab</span> <span class='ocrx_word' id='word_1_21' title='bbox 773 737 829 794; x_wconf 91' lang='lat' dir='ltr'>hoc</span> <span class='ocrx_word' id='word_1_22' title='bbox 848 736 940 793; x_wconf 84' lang='lat' dir='ltr'>schol.</span> <span class='ocrx_word' id='word_1_23' title='bbox 953 758 988 795; x_wconf 81' lang='lat' dir='ltr'>ex</span> <span class='ocrx_word' id='word_1_24' title='bbox 1004 738 1052 796; x_wconf 88' lang='lat' dir='ltr'>Pi·</span> 
     </span>
    </p>
   </div>
   <div class='ocr_carea' id='block_1_4' title="bbox 289 824 1154 900">
    <p class='ocr_par' dir='ltr' id='par_1_4' title="bbox 289 824 1154 900">
     <span class='ocr_line' id='line_1_5' title="bbox 289 824 1154 900; baseline -0.001 -15"><span class='ocrx_word' id='word_1_25' title='bbox 289 829 395 885; x_wconf 86' lang='lat' dir='ltr'>sandro</span> <span class='ocrx_word' id='word_1_26' title='bbox 418 839 574 885; x_wconf 88' lang='lat' dir='ltr'>memorata</span> <span class='ocrx_word' id='word_1_27' title='bbox 600 844 660 881; x_wconf 89' lang='lat' dir='ltr'>non</span> <span class='ocrx_word' id='word_1_28' title='bbox 686 825 742 881; x_wconf 91' lang='lat' dir='ltr'>sint</span> <span class='ocrx_word' id='word_1_29' title='bbox 766 824 878 900; x_wconf 77' lang='lat' dir='ltr'>antiqui</span> <span class='ocrx_word' id='word_1_30' title='bbox 907 824 1051 884; x_wconf 75' lang='lat' dir='ltr'>Heracleae</span> <span class='ocrx_word' id='word_1_31' title='bbox 1133 869 1154 889; x_wconf 89' lang='grc'>,..</span> 
     </span>
    </p>
   </div>
   <div class='ocr_carea' id='block_1_5' title="bbox 284 911 1051 2368">
    <p class='ocr_par' dir='ltr' id='par_1_5' title="bbox 284 911 1051 2368">
     <span class='ocr_line' id='line_1_6' title="bbox 289 911 1051 991; baseline 0 -22"><span class='ocrx_word' id='word_1_32' title='bbox 289 916 448 991; x_wconf 85' lang='lat' dir='ltr'>scriptoris,</span> <span class='ocrx_word' id='word_1_33' title='bbox 457 912 587 972; x_wconf 83' lang='lat' dir='ltr'>Herculis</span> <span class='ocrx_word' id='word_1_34' title='bbox 598 911 707 967; x_wconf 88' lang='lat' dir='ltr'>mentio</span> <span class='ocrx_word' id='word_1_35' title='bbox 720 911 751 968; x_wconf 94' lang='lat' dir='ltr'>id</span> <span class='ocrx_word' id='word_1_36' title='bbox 762 911 875 968; x_wconf 85' lang='lat' dir='ltr'>efficere</span> <span class='ocrx_word' id='word_1_37' title='bbox 885 929 941 966; x_wconf 92' lang='lat' dir='ltr'>non</span> <span class='ocrx_word' id='word_1_38' title='bbox 955 923 1051 987; x_wconf 86' lang='lat' dir='ltr'>potest</span> 
     </span>
     <span class='ocr_line' id='line_1_7' title="bbox 289 997 1050 1060; baseline -0.004 -1"><span class='ocrx_word' id='word_1_39' title='bbox 289 1018 318 1059; x_wconf 84' lang='lat' dir='ltr'>ni</span> <span class='ocrx_word' id='word_1_40' title='bbox 334 1002 369 1060; x_wconf 90' lang='lat' dir='ltr'>de</span> <span class='ocrx_word' id='word_1_41' title='bbox 384 1003 440 1060; x_wconf 90' lang='lat' dir='ltr'>hoc</span> <span class='ocrx_word' id='word_1_42' title='bbox 455 1002 517 1058; x_wconf 90' lang='lat' dir='ltr'>solo</span> <span class='ocrx_word' id='word_1_43' title='bbox 531 999 708 1057; x_wconf 87' lang='lat' dir='ltr'>contrarium</span> <span class='ocrx_word' id='word_1_44' title='bbox 724 997 752 1054; x_wconf 92' lang='lat' dir='ltr'>in</span> <span class='ocrx_word' id='word_1_45' title='bbox 767 997 885 1055; x_wconf 88' lang='lat' dir='ltr'>modum</span> <span class='ocrx_word' id='word_1_46' title='bbox 896 1010 1050 1056; x_wconf 72' lang='lat' dir='ltr'>statuatur.</span> 
     </span>
     <span class='ocr_line' id='line_1_8' title="bbox 291 1084 1049 1163; baseline 0.003 -21"><span class='ocrx_word' id='word_1_47' title='bbox 291 1093 359 1147; x_wconf 80' lang='lat' dir='ltr'>Nam</span> <span class='ocrx_word' id='word_1_48' title='bbox 378 1090 413 1147; x_wconf 88' lang='lat' dir='ltr'>de</span> <span class='ocrx_word' id='word_1_49' title='bbox 431 1088 555 1146; x_wconf 81' lang='lat' dir='ltr'>Hercule</span> <span class='ocrx_word' id='word_1_50' title='bbox 580 1088 608 1144; x_wconf 91' lang='lat' dir='ltr'>in</span> <span class='ocrx_word' id='word_1_51' title='bbox 622 1084 782 1163; x_wconf 80' lang='grc' dir='ltr'>Θεογαμίοις</span> <span class='ocrx_word' id='word_1_52' title='bbox 805 1104 921 1163; x_wconf 88' lang='lat' dir='ltr'>quoqne</span> <span class='ocrx_word' id='word_1_53' title='bbox 942 1087 1049 1163; x_wconf 86' lang='lat' dir='ltr'>scripta</span> 
     </span>
     <span class='ocr_line' id='line_1_9' title="bbox 289 1174 1050 1253; baseline -0.005 -18"><span class='ocrx_word' id='word_1_54' title='bbox 289 1178 374 1235; x_wconf 87' lang='lat' dir='ltr'>luisse</span> <span class='ocrx_word' id='word_1_55' title='bbox 387 1177 475 1234; x_wconf 86' lang='lat' dir='ltr'>inulta</span> <span class='ocrx_word' id='word_1_56' title='bbox 489 1175 554 1253; x_wconf 86' lang='lat' dir='ltr'>quis</span> <span class='ocrx_word' id='word_1_57' title='bbox 564 1175 736 1253; x_wconf 77' lang='lat' dir='ltr'>negaverit?</span> <span class='ocrx_word' id='word_1_58' title='bbox 760 1175 902 1233; x_wconf 87' lang='lat' dir='ltr'>Praeterea</span> <span class='ocrx_word' id='word_1_59' title='bbox 920 1174 1002 1233; x_wconf 86' lang='lat' dir='ltr'>clava</span> <span class='ocrx_word' id='word_1_60' title='bbox 1013 1193 1050 1231; x_wconf 83' lang='lat' dir='ltr'>ex</span> 
     </span>
     <span class='ocr_line' id='line_1_10' title="bbox 287 1262 1050 1340; baseline -0.003 -19"><span class='ocrx_word' id='word_1_61' title='bbox 287 1264 379 1323; x_wconf 91' lang='lat' dir='ltr'>solido</span> <span class='ocrx_word' id='word_1_62' title='bbox 396 1283 452 1323; x_wconf 84' lang='lat' dir='ltr'>aere</span> <span class='ocrx_word' id='word_1_63' title='bbox 467 1264 496 1322; x_wconf 91' lang='lat' dir='ltr'>in</span> <span class='ocrx_word' id='word_1_64' title='bbox 515 1263 635 1340; x_wconf 88' lang='lat' dir='ltr'>antiquo</span> <span class='ocrx_word' id='word_1_65' title='bbox 646 1262 788 1322; x_wconf 81' lang='lat' dir='ltr'><strong>Pisandro</strong></span> <span class='ocrx_word' id='word_1_66' title='bbox 811 1282 864 1319; x_wconf 92' lang='lat' dir='ltr'>nec</span> <span class='ocrx_word' id='word_1_67' title='bbox 885 1281 937 1339; x_wconf 81' lang='lat' dir='ltr'>per</span> <span class='ocrx_word' id='word_1_68' title='bbox 954 1281 984 1319; x_wconf 89' lang='lat' dir='ltr'>se</span> <span class='ocrx_word' id='word_1_69' title='bbox 1006 1273 1050 1320; x_wconf 85' lang='lat' dir='ltr'>est</span> 
     </span>
     <span class='ocr_line' id='line_1_11' title="bbox 289 1349 1049 1428; baseline 0.003 -23"><span class='ocrx_word' id='word_1_70' title='bbox 289 1350 468 1427; x_wconf 83' lang='lat' dir='ltr'>probabilis,</span> <span class='ocrx_word' id='word_1_71' title='bbox 491 1370 545 1410; x_wconf 87' lang='lat' dir='ltr'>nec</span> <span class='ocrx_word' id='word_1_72' title='bbox 570 1350 607 1408; x_wconf 89' lang='lat' dir='ltr'>ab</span> <span class='ocrx_word' id='word_1_73' title='bbox 632 1351 667 1408; x_wconf 91' lang='lat' dir='ltr'>iis</span> <span class='ocrx_word' id='word_1_74' title='bbox 692 1361 886 1423; x_wconf 82' lang='lat' dir='ltr'>memoratur,</span> <span class='ocrx_word' id='word_1_75' title='bbox 912 1349 963 1428; x_wconf 90' lang='lat' dir='ltr'>qui</span> <span class='ocrx_word' id='word_1_76' title='bbox 986 1349 1049 1426; x_wconf 86' lang='lat' dir='ltr'>ipsa</span> 
     </span>
     <span class='ocr_line' id='line_1_12' title="bbox 286 1439 677 1574; baseline -0.01 -75"><span class='ocrx_word' id='word_1_77' title='bbox 286 1439 421 1499; x_wconf 86' lang='lat' dir='ltr'>Heraclea</span> <span class='ocrx_word' id='word_1_78' title='bbox 435 1439 480 1498; x_wconf 90' lang='lat' dir='ltr'>usi</span> <span class='ocrx_word' id='word_1_79' title='bbox 496 1451 572 1496; x_wconf 88' lang='lat' dir='ltr'>sunt.</span> <span class='ocrx_word' id='word_1_80' title='bbox 643 1516 677 1574; x_wconf 58' lang='lat'>¹3</span> 
     </span>
     <span class='ocr_line' id='line_1_13' title="bbox 327 1591 1049 1673; baseline -0.01 -16"><span class='ocrx_word' id='word_1_81' title='bbox 327 1598 404 1657; x_wconf 88' lang='lat' dir='ltr'>ldcm</span> <span class='ocrx_word' id='word_1_82' title='bbox 427 1600 463 1668; x_wconf 91' lang='lat' dir='ltr'>ll,</span> <span class='ocrx_word' id='word_1_83' title='bbox 479 1600 518 1672; x_wconf 85' lang='lat'>98</span> <span class='ocrx_word' id='word_1_84' title='bbox 531 1619 538 1655; x_wconf 87' lang='lat'>:</span> <span class='ocrx_word' id='word_1_85' title='bbox 560 1593 731 1663; x_wconf 78' lang='grc' dir='ltr'>Ἀπολλώνιος</span> <span class='ocrx_word' id='word_1_86' title='bbox 743 1591 791 1673; x_wconf 75' lang='grc' dir='ltr'>μὲν</span> <span class='ocrx_word' id='word_1_87' title='bbox 803 1592 923 1673; x_wconf 73' lang='grc' dir='ltr'>ἐμφαίνει</span> <span class='ocrx_word' id='word_1_88' title='bbox 934 1596 968 1660; x_wconf 78' lang='grc' dir='ltr'>ὥς</span> <span class='ocrx_word' id='word_1_89' title='bbox 980 1596 1049 1673; x_wconf 78' lang='grc' dir='ltr'>ἀνη-</span> 
     </span>
     <span class='ocr_line' id='line_1_14' title="bbox 287 1674 1048 1765; baseline -0.005 -22"><span class='ocrx_word' id='word_1_90' title='bbox 287 1685 398 1765; x_wconf 68' lang='grc' dir='ltr'>ρημένον</span> <span class='ocrx_word' id='word_1_91' title='bbox 410 1674 454 1742; x_wconf 85' lang='grc' dir='ltr'>τθν</span> <span class='ocrx_word' id='word_1_92' title='bbox 468 1682 594 1762; x_wconf 77' lang='grc' dir='ltr'>Ἀμυκον.</span> <span class='ocrx_word' id='word_1_93' title='bbox 606 1681 776 1764; x_wconf 84' lang='grc' dir='ltr'>Ἐπίχαρμος</span> <span class='ocrx_word' id='word_1_94' title='bbox 789 1680 817 1739; x_wconf 73' lang='grc' dir='ltr'>δέ</span> <span class='ocrx_word' id='word_1_95' title='bbox 831 1679 876 1740; x_wconf 81' lang='grc' dir='ltr'>καί</span> <span class='ocrx_word' id='word_1_96' title='bbox 887 1679 1048 1761; x_wconf 87' lang='grc' dir='ltr'>Πείσανδρος</span> 
     </span>
     <span class='ocr_line' id='line_1_15' title="bbox 285 1767 1047 1850; baseline -0.003 -22"><span class='ocrx_word' id='word_1_97' title='bbox 285 1773 361 1850; x_wconf 73' lang='grc' dir='ltr'>φασὶν</span> <span class='ocrx_word' id='word_1_98' title='bbox 379 1770 419 1829; x_wconf 85' lang='grc' dir='ltr'>ότι</span> <span class='ocrx_word' id='word_1_99' title='bbox 439 1769 529 1842; x_wconf 81' lang='grc' dir='ltr'>ἔδησεν</span> <span class='ocrx_word' id='word_1_100' title='bbox 553 1767 629 1828; x_wconf 81' lang='grc' dir='ltr'>αὐτθν</span> <span class='ocrx_word' id='word_1_101' title='bbox 649 1773 663 1827; x_wconf 83' lang='grc' dir='ltr'><em>ὃ</em></span> <span class='ocrx_word' id='word_1_102' title='bbox 680 1767 857 1839; x_wconf 80' lang='grc' dir='ltr'>Πολυδεύκης.</span> <span class='ocrx_word' id='word_1_103' title='bbox 886 1768 1047 1826; x_wconf 80' lang='lat' dir='ltr'>Verisimile</span> 
     </span>
     <span class='ocr_line' id='line_1_16' title="bbox 284 1855 1049 1937; baseline -0.005 -20"><span class='ocrx_word' id='word_1_104' title='bbox 284 1874 326 1917; x_wconf 86' lang='lat' dir='ltr'>est</span> <span class='ocrx_word' id='word_1_105' title='bbox 341 1872 369 1918; x_wconf 91' lang='lat' dir='ltr'>et</span> <span class='ocrx_word' id='word_1_106' title='bbox 396 1860 450 1917; x_wconf 90' lang='lat' dir='ltr'>hoc</span> <span class='ocrx_word' id='word_1_107' title='bbox 466 1860 503 1916; x_wconf 88' lang='lat' dir='ltr'>ab</span> <span class='ocrx_word' id='word_1_108' title='bbox 522 1859 698 1937; x_wconf 79' lang='lat' dir='ltr'>Epicharmo</span> <span class='ocrx_word' id='word_1_109' title='bbox 718 1859 873 1935; x_wconf 81' lang='lat' dir='ltr'>sumpsisse</span> <span class='ocrx_word' id='word_1_110' title='bbox 893 1855 1049 1934; x_wconf 78' lang='lat' dir='ltr'>Pseudopi·</span> 
     </span>
     <span class='ocr_line' id='line_1_17' title="bbox 284 1944 927 2022; baseline -0.003 -19"><span class='ocrx_word' id='word_1_111' title='bbox 284 1947 430 2018; x_wconf 89' lang='lat' dir='ltr'>sandrum,</span> <span class='ocrx_word' id='word_1_112' title='bbox 452 1957 480 2004; x_wconf 88' lang='lat' dir='ltr'>et</span> <span class='ocrx_word' id='word_1_113' title='bbox 497 1944 532 2002; x_wconf 89' lang='lat' dir='ltr'>ab</span> <span class='ocrx_word' id='word_1_114' title='bbox 547 1945 608 2003; x_wconf 84' lang='lat' dir='ltr'>aliis</span> <span class='ocrx_word' id='word_1_115' title='bbox 623 1946 715 2022; x_wconf 89' lang='lat' dir='ltr'>poetis</span> <span class='ocrx_word' id='word_1_116' title='bbox 729 1945 849 2002; x_wconf 74' lang='lat' dir='ltr'>scenicis</span> <span class='ocrx_word' id='word_1_117' title='bbox 863 1944 927 2001; x_wconf 88' lang='lat' dir='ltr'>alia.</span> 
     </span>
     <span class='ocr_line' id='line_1_18' title="bbox 644 2033 689 2089; baseline 0.022 -1"><span class='ocrx_word' id='word_1_118' title='bbox 644 2033 689 2089; x_wconf 80' lang='lat' dir='ltr'>lli.</span> 
     </span>
     <span class='ocr_line' id='line_1_19' title="bbox 323 2116 1047 2197; baseline -0.007 -17"><span class='ocrx_word' id='word_1_119' title='bbox 323 2122 401 2180; x_wconf 88' lang='lat' dir='ltr'>Idem</span> <span class='ocrx_word' id='word_1_120' title='bbox 426 2123 472 2190; x_wconf 86' lang='lat' dir='ltr'>ii,</span> <span class='ocrx_word' id='word_1_121' title='bbox 498 2120 588 2196; x_wconf 87' lang='lat'>1089,</span> <span class='ocrx_word' id='word_1_122' title='bbox 612 2120 647 2177; x_wconf 91' lang='lat' dir='ltr'>de</span> <span class='ocrx_word' id='word_1_123' title='bbox 668 2120 824 2197; x_wconf 84' lang='lat' dir='ltr'>Harpyiis:</span> <span class='ocrx_word' id='word_1_124' title='bbox 850 2119 971 2181; x_wconf 74' lang='grc' dir='ltr'>Πιθανιῖνς</span> <span class='ocrx_word' id='word_1_125' title='bbox 988 2116 1047 2175; x_wconf 76' lang='lat' dir='ltr'>tit</span> 
     </span>
     <span class='ocr_line' id='line_1_20' title="bbox 287 2204 1045 2288; baseline -0.009 -21"><span class='ocrx_word' id='word_1_126' title='bbox 287 2207 445 2287; x_wconf 79' lang='grc' dir='ltr'>Πείσανδρος</span> <span class='ocrx_word' id='word_1_127' title='bbox 460 2205 519 2273; x_wconf 80' lang='grc' dir='ltr'>τούς</span> <span class='ocrx_word' id='word_1_128' title='bbox 535 2205 636 2288; x_wconf 89' lang='grc' dir='ltr'>όρνιθάς</span> <span class='ocrx_word' id='word_1_129' title='bbox 653 2228 730 2287; x_wconf 68' lang='grc' dir='ltr'>φησιν</span> <span class='ocrx_word' id='word_1_130' title='bbox 747 2209 783 2272; x_wconf 85' lang='grc' dir='ltr'>εἷς</span> <span class='ocrx_word' id='word_1_131' title='bbox 798 2204 911 2265; x_wconf 83' lang='grc' dir='ltr'>Σκυθίαν</span> <span class='ocrx_word' id='word_1_132' title='bbox 925 2206 1045 2275; x_wconf 75' lang='grc' dir='ltr'>άποπτη-</span> 
     </span>
     <span class='ocr_line' id='line_1_21' title="bbox 285 2292 677 2368; baseline 0.005 -18"><span class='ocrx_word' id='word_1_133' title='bbox 285 2318 345 2368; x_wconf 88' lang='grc' dir='ltr'>ναι,</span> <span class='ocrx_word' id='word_1_134' title='bbox 365 2294 422 2353; x_wconf 83' lang='grc' dir='ltr'>ὅθεν</span> <span class='ocrx_word' id='word_1_135' title='bbox 443 2293 489 2353; x_wconf 84' lang='grc' dir='ltr'>καλ</span> <span class='ocrx_word' id='word_1_136' title='bbox 509 2292 677 2366; x_wconf 83' lang='grc' dir='ltr'>ἐληλύθεσαν.</span> 
     </span>
    </p>
   </div>
   <div class='ocr_carea' id='block_1_6' title="bbox 280 2464 1045 3299">
    <p class='ocr_par' dir='ltr' id='par_1_6' title="bbox 282 2464 1045 2899">
     <span class='ocr_line' id='line_1_22' title="bbox 323 2464 1045 2545; baseline -0.006 -18"><span class='ocrx_word' id='word_1_137' title='bbox 323 2470 403 2528; x_wconf 84' lang='lat' dir='ltr'>Idem</span> <span class='ocrx_word' id='word_1_138' title='bbox 418 2471 472 2542; x_wconf 88' lang='lat' dir='ltr'>iv,</span> <span class='ocrx_word' id='word_1_139' title='bbox 485 2469 521 2541; x_wconf 83' lang='lat'>57</span> <span class='ocrx_word' id='word_1_140' title='bbox 536 2493 542 2527; x_wconf 92' lang='lat'>:</span> <span class='ocrx_word' id='word_1_141' title='bbox 554 2467 609 2529; x_wconf 83' lang='grc' dir='ltr'>Τθν</span> <span class='ocrx_word' id='word_1_142' title='bbox 621 2464 915 2545; x_wconf 83' lang='grc' dir='ltr'>ἘνδυμίυνναἭσίυδος</span> <span class='ocrx_word' id='word_1_143' title='bbox 923 2465 969 2541; x_wconf 84' lang='grc' dir='ltr'>μὲν</span> <span class='ocrx_word' id='word_1_144' title='bbox 986 2464 1045 2524; x_wconf 81' lang='grc' dir='ltr'>Ἀε-</span> 
     </span>
     <span class='ocr_line' id='line_1_23' title="bbox 284 2550 1043 2633; baseline -0.005 -20"><span class='ocrx_word' id='word_1_145' title='bbox 284 2555 354 2614; x_wconf 88' lang='grc' dir='ltr'>θλίου</span> <span class='ocrx_word' id='word_1_146' title='bbox 365 2561 410 2614; x_wconf 77' lang='grc' dir='ltr'>τοῦ</span> <span class='ocrx_word' id='word_1_147' title='bbox 428 2555 489 2623; x_wconf 71' lang='grc' dir='ltr'>Διὸς</span> <span class='ocrx_word' id='word_1_148' title='bbox 504 2555 549 2614; x_wconf 83' lang='grc' dir='ltr'>καλ</span> <span class='ocrx_word' id='word_1_149' title='bbox 561 2554 683 2627; x_wconf 83' lang='grc' dir='ltr'>Καλίκης</span> <span class='ocrx_word' id='word_1_150' title='bbox 695 2555 777 2613; x_wconf 84' lang='grc' dir='ltr'>παῖδα</span> <span class='ocrx_word' id='word_1_151' title='bbox 789 2552 859 2632; x_wconf 81' lang='grc' dir='ltr'>λέγει</span> <span class='ocrx_word' id='word_1_152' title='bbox 870 2599 878 2626; x_wconf 95' lang='grc'>,</span> <span class='ocrx_word' id='word_1_153' title='bbox 894 2550 967 2633; x_wconf 79' lang='grc' dir='ltr'>παρὰ</span> <span class='ocrx_word' id='word_1_154' title='bbox 983 2550 1043 2618; x_wconf 89' lang='grc' dir='ltr'>Διθς</span> 
     </span>
     <span class='ocr_line' id='line_1_24' title="bbox 282 2632 1045 2727; baseline -0.005 -26"><span class='ocrx_word' id='word_1_155' title='bbox 282 2642 405 2727; x_wconf 82' lang='grc' dir='ltr'>εἰληρότα</span> <span class='ocrx_word' id='word_1_156' title='bbox 428 2645 526 2727; x_wconf 83' lang='grc' dir='ltr'>δῶρον,</span> <span class='ocrx_word' id='word_1_157' title='bbox 551 2642 628 2701; x_wconf 75' lang='grc' dir='ltr'>αὐτόν</span> <span class='ocrx_word' id='word_1_158' title='bbox 651 2642 748 2721; x_wconf 91' lang='grc' dir='ltr'>ταμίαν</span> <span class='ocrx_word' id='word_1_159' title='bbox 768 2632 834 2700; x_wconf 72' lang='grc' dir='ltr'>εἶναι</span> <span class='ocrx_word' id='word_1_160' title='bbox 853 2639 983 2716; x_wconf 88' lang='grc' dir='ltr'>θανάτου,</span> <span class='ocrx_word' id='word_1_161' title='bbox 1002 2638 1045 2698; x_wconf 87' lang='grc' dir='ltr'>ότε</span> 
     </span>
     <span class='ocr_line' id='line_1_25' title="bbox 282 2727 1044 2812; baseline -0.004 -22"><span class='ocrx_word' id='word_1_162' title='bbox 282 2734 351 2792; x_wconf 71' lang='grc' dir='ltr'>θέλοι</span> <span class='ocrx_word' id='word_1_163' title='bbox 362 2732 482 2793; x_wconf 82' lang='grc' dir='ltr'>ὀλέσθαι·</span> <span class='ocrx_word' id='word_1_164' title='bbox 498 2732 543 2792; x_wconf 85' lang='grc' dir='ltr'>καλ</span> <span class='ocrx_word' id='word_1_165' title='bbox 555 2731 716 2812; x_wconf 87' lang='grc' dir='ltr'>Πείσανδρος</span> <span class='ocrx_word' id='word_1_166' title='bbox 727 2729 755 2789; x_wconf 79' lang='grc' dir='ltr'>δὲ</span> <span class='ocrx_word' id='word_1_167' title='bbox 766 2729 799 2790; x_wconf 81' lang='grc' dir='ltr'>τὰ</span> <span class='ocrx_word' id='word_1_168' title='bbox 817 2727 884 2788; x_wconf 85' lang='grc' dir='ltr'>αὐτά</span> <span class='ocrx_word' id='word_1_169' title='bbox 895 2752 977 2810; x_wconf 82' lang='grc' dir='ltr'>ρησι,</span> <span class='ocrx_word' id='word_1_170' title='bbox 999 2728 1044 2788; x_wconf 83' lang='grc' dir='ltr'>καὶ</span> 
     </span>
     <span class='ocr_line' id='line_1_26' title="bbox 282 2820 542 2899; baseline -0.004 -20"><span class='ocrx_word' id='word_1_171' title='bbox 282 2820 446 2896; x_wconf 77' lang='grc' dir='ltr'>Ἀκουσίλαος</span> <span class='ocrx_word' id='word_1_172' title='bbox 458 2866 466 2899; x_wconf 88' lang='grc'>,</span> <span class='ocrx_word' id='word_1_173' title='bbox 484 2821 542 2878; x_wconf 85' lang='grc' dir='ltr'>κτλ.</span> 
     </span>
    </p>

    <p class='ocr_par' dir='ltr' id='par_1_7' title="bbox 291 2899 685 2957">
     <span class='ocr_line' id='line_1_27' title="bbox 291 2899 685 2957; baseline -0.008 0"><span class='ocrx_word' id='word_1_174' title='bbox 291 2917 308 2957; x_wconf 74' lang='grc' dir='ltr'>ε</span> <span class='ocrx_word' id='word_1_175' title='bbox 538 2906 543 2915; x_wconf 90' lang='grc'>’</span> <span class='ocrx_word' id='word_1_176' title='bbox 641 2899 685 2955; x_wconf 85' lang='grc'>16.</span> 
     </span>
    </p>

    <p class='ocr_par' dir='ltr' id='par_1_8' title="bbox 280 2973 1043 3299">
     <span class='ocr_line' id='line_1_28' title="bbox 319 2973 1043 3059; baseline -0.007 -23"><span class='ocrx_word' id='word_1_177' title='bbox 319 2978 397 3037; x_wconf 88' lang='lat' dir='ltr'>Idem</span> <span class='ocrx_word' id='word_1_178' title='bbox 411 2979 459 3053; x_wconf 73' lang='lat' dir='ltr'>ii,</span> <span class='ocrx_word' id='word_1_179' title='bbox 477 2979 567 3054; x_wconf 78' lang='lat'>1396:</span> <span class='ocrx_word' id='word_1_180' title='bbox 581 2975 635 3036; x_wconf 75' lang='grc' dir='ltr'>Τόν</span> <span class='ocrx_word' id='word_1_181' title='bbox 653 2975 779 3059; x_wconf 85' lang='grc' dir='ltr'>δράκοντα</span> <span class='ocrx_word' id='word_1_182' title='bbox 793 2974 907 3038; x_wconf 80' lang='grc' dir='ltr'>Λάδωνά</span> <span class='ocrx_word' id='word_1_183' title='bbox 926 2973 1043 3032; x_wconf 81' lang='grc' dir='ltr'>ἐκάλουν.</span> 
     </span>
     <span class='ocr_line' id='line_1_29' title="bbox 281 3062 1040 3147; baseline -0.005 -25"><span class='ocrx_word' id='word_1_184' title='bbox 281 3067 383 3123; x_wconf 83' lang='grc' dir='ltr'>Ἰὀύτυν</span> <span class='ocrx_word' id='word_1_185' title='bbox 400 3065 427 3123; x_wconf 80' lang='grc' dir='ltr'>δὲ</span> <span class='ocrx_word' id='word_1_186' title='bbox 440 3064 599 3147; x_wconf 86' lang='grc' dir='ltr'>Πείσανδρος</span> <span class='ocrx_word' id='word_1_187' title='bbox 611 3065 751 3145; x_wconf 78' lang='grc' dir='ltr'>θπείληρεν</span> <span class='ocrx_word' id='word_1_188' title='bbox 774 3062 825 3124; x_wconf 83' lang='grc' dir='ltr'>ἀπθ</span> <span class='ocrx_word' id='word_1_189' title='bbox 844 3067 890 3134; x_wconf 77' lang='grc' dir='ltr'>τῆς</span> <span class='ocrx_word' id='word_1_190' title='bbox 905 3066 952 3140; x_wconf 81' lang='grc' dir='ltr'>γῆς</span> <span class='ocrx_word' id='word_1_191' title='bbox 964 3084 1040 3139; x_wconf 84' lang='grc' dir='ltr'>γεγε-</span> 
     </span>
     <span class='ocr_line' id='line_1_30' title="bbox 280 3151 1041 3230; baseline -0.005 -22"><span class='ocrx_word' id='word_1_192' title='bbox 280 3156 381 3223; x_wconf 73' lang='grc' dir='ltr'>νῆσθαι.</span> <span class='ocrx_word' id='word_1_193' title='bbox 395 3156 456 3213; x_wconf 95' lang='lat' dir='ltr'>Hoc</span> <span class='ocrx_word' id='word_1_194' title='bbox 474 3174 531 3211; x_wconf 90' lang='lat' dir='ltr'>non</span> <span class='ocrx_word' id='word_1_195' title='bbox 545 3153 634 3229; x_wconf 79' lang='lat' dir='ltr'>magis</span> <span class='ocrx_word' id='word_1_196' title='bbox 646 3173 731 3230; x_wconf 89' lang='lat' dir='ltr'>quam</span> <span class='ocrx_word' id='word_1_197' title='bbox 748 3153 781 3210; x_wconf 88' lang='lat' dir='ltr'>sr.</span> <span class='ocrx_word' id='word_1_198' title='bbox 797 3171 830 3208; x_wconf 74' lang='grc' dir='ltr'>ιε</span> <span class='ocrx_word' id='word_1_199' title='bbox 843 3151 877 3208; x_wconf 88' lang='lat' dir='ltr'>ad</span> <span class='ocrx_word' id='word_1_200' title='bbox 891 3152 1041 3226; x_wconf 85' lang='lat' dir='ltr'>antiquum</span> 
     </span>
     <span class='ocr_line' id='line_1_31' title="bbox 281 3241 675 3299; baseline 0 -1"><span class='ocrx_word' id='word_1_201' title='bbox 281 3242 449 3298; x_wconf 77' lang='lat' dir='ltr'>Pisandrum</span> <span class='ocrx_word' id='word_1_202' title='bbox 466 3241 567 3299; x_wconf 87' lang='lat' dir='ltr'>referri</span> <span class='ocrx_word' id='word_1_203' title='bbox 580 3241 675 3299; x_wconf 85' lang='lat' dir='ltr'>debet.</span> 
     </span>
    </p>
   </div>
   <div class='ocr_carea' id='block_1_7' title="bbox 265 3327 1043 3479">
    <p class='ocr_par' dir='ltr' id='par_1_9' title="bbox 265 3327 1043 3479">
     <span class='ocr_line' id='line_1_32' title="bbox 265 3327 1043 3479; baseline -0.006 -15"><span class='ocrx_word' id='word_1_204' title='bbox 265 3404 276 3445; x_wconf 81' lang='lat'>⁸</span> <span class='ocrx_word' id='word_1_205' title='bbox 318 3406 413 3464; x_wconf 88' lang='lat' dir='ltr'>Schol.</span> <span class='ocrx_word' id='word_1_206' title='bbox 426 3409 543 3466; x_wconf 83' lang='lat' dir='ltr'>Homeri</span> <span class='ocrx_word' id='word_1_207' title='bbox 558 3409 588 3465; x_wconf 91' lang='lat' dir='ltr'>in</span> <span class='ocrx_word' id='word_1_208' title='bbox 599 3329 649 3465; x_wconf 80' lang='lat' dir='ltr'>illri</span> <span class='ocrx_word' id='word_1_209' title='bbox 656 3327 690 3465; x_wconf 83' lang='lat' dir='ltr'>il.</span> <span class='ocrx_word' id='word_1_210' title='bbox 703 3409 740 3479; x_wconf 82' lang='grc' dir='ltr'>Δ,</span> <span class='ocrx_word' id='word_1_211' title='bbox 757 3414 828 3479; x_wconf 67' lang='lat'>147,</span> <span class='ocrx_word' id='word_1_212' title='bbox 843 3402 918 3466; x_wconf 86' lang='grc' dir='ltr'>Τυῖοί</span> <span class='ocrx_word' id='word_1_213' title='bbox 928 3427 978 3473; x_wconf 85' lang='grc' dir='ltr'>τοι,</span> <span class='ocrx_word' id='word_1_214' title='bbox 992 3405 1043 3460; x_wconf 90' lang='grc' dir='ltr'>Με-</span> 
     </span>
    </p>
   </div>
   <div class='ocr_carea' id='block_1_8' title="bbox 309 3579 1007 3716">
    <p class='ocr_par' dir='ltr' id='par_1_10' title="bbox 309 3579 1007 3716">
     <span class='ocr_line' id='line_1_33' title="bbox 637 3579 683 3629; baseline 0 0"><span class='ocrx_word' id='word_1_215' title='bbox 637 3579 683 3629; x_wconf 76' lang='grc'>12.</span> 
     </span>
     <span class='ocr_line' id='line_1_34' title="bbox 309 3661 1007 3716; baseline -0.004 -3"><span class='ocrx_word' id='word_1_216' title='bbox 309 3664 425 3714; x_wconf 76' lang='lat' dir='ltr'>Pisandes</span> <span class='ocrx_word' id='word_1_217' title='bbox 436 3677 467 3714; x_wconf 83' lang='lat' dir='ltr'>ex</span> <span class='ocrx_word' id='word_1_218' title='bbox 478 3664 556 3715; x_wconf 88' lang='lat' dir='ltr'>solido</span> <span class='ocrx_word' id='word_1_219' title='bbox 566 3678 614 3716; x_wconf 79' lang='lat' dir='ltr'>are</span> <span class='ocrx_word' id='word_1_220' title='bbox 624 3665 717 3715; x_wconf 77' lang='lat' dir='ltr'>claram</span> <span class='ocrx_word' id='word_1_221' title='bbox 730 3664 840 3715; x_wconf 85' lang='lat' dir='ltr'>Herculis</span> <span class='ocrx_word' id='word_1_222' title='bbox 854 3663 928 3713; x_wconf 88' lang='lat' dir='ltr'>tuisse</span> <span class='ocrx_word' id='word_1_223' title='bbox 939 3661 1007 3712; x_wconf 87' lang='lat' dir='ltr'>dicit.</span> 
     </span>
    </p>
   </div>
   <div class='ocr_carea' id='block_1_9' title="bbox 278 3757 1038 4049">
    <p class='ocr_par' dir='ltr' id='par_1_11' title="bbox 278 3757 1038 4049">
     <span class='ocr_line' id='line_1_35' title="bbox 638 3757 681 3807; baseline -0.07 0"><span class='ocrx_word' id='word_1_224' title='bbox 638 3757 681 3807; x_wconf 86' lang='lat' dir='ltr'>ia.</span> 
     </span>
     <span class='ocr_line' id='line_1_36' title="bbox 310 3838 1038 3903; baseline -0.001 -16"><span class='ocrx_word' id='word_1_225' title='bbox 310 3838 468 3900; x_wconf 79' lang='lat' dir='ltr'>Epicharmus</span> <span class='ocrx_word' id='word_1_226' title='bbox 477 3842 501 3889; x_wconf 85' lang='lat' dir='ltr'>ct</span> <span class='ocrx_word' id='word_1_227' title='bbox 509 3838 623 3889; x_wconf 77' lang='lat' dir='ltr'>Pisandes</span> <span class='ocrx_word' id='word_1_228' title='bbox 633 3845 751 3903; x_wconf 79' lang='lat' dir='ltr'>Amycum</span> <span class='ocrx_word' id='word_1_229' title='bbox 761 3840 879 3891; x_wconf 86' lang='lat' dir='ltr'>aPoltuoe</span> <span class='ocrx_word' id='word_1_230' title='bbox 888 3852 936 3888; x_wconf 93' lang='lat' dir='ltr'>nou</span> <span class='ocrx_word' id='word_1_231' title='bbox 948 3850 1038 3902; x_wconf 88' lang='lat' dir='ltr'>perem-</span> 
     </span>
     <span class='ocr_line' id='line_1_37' title="bbox 278 3909 718 3969; baseline 0.005 -12"><span class='ocrx_word' id='word_1_232' title='bbox 278 3910 355 3969; x_wconf 88' lang='lat' dir='ltr'>otum,</span> <span class='ocrx_word' id='word_1_233' title='bbox 368 3909 409 3958; x_wconf 86' lang='lat' dir='ltr'>sed</span> <span class='ocrx_word' id='word_1_234' title='bbox 419 3910 528 3960; x_wconf 74' lang='lat' dir='ltr'>unctum</span> <span class='ocrx_word' id='word_1_235' title='bbox 542 3911 614 3960; x_wconf 85' lang='lat' dir='ltr'>modo</span> <span class='ocrx_word' id='word_1_236' title='bbox 626 3911 718 3961; x_wconf 83' lang='lat' dir='ltr'>dicunt.</span> 
     </span>
     <span class='ocr_line' id='line_1_38' title="bbox 636 4000 681 4049; baseline -0.022 0"><span class='ocrx_word' id='word_1_237' title='bbox 636 4001 645 4049; x_wconf 90' lang='lat' dir='ltr'>t</span> <span class='ocrx_word' id='word_1_238' title='bbox 655 4000 681 4049; x_wconf 85' lang='lat' dir='ltr'>i.</span> 
     </span>
    </p>
   </div>
   <div class='ocr_carea' id='block_1_10' title="bbox 275 4082 1036 4211">
    <p class='ocr_par' dir='ltr' id='par_1_12' title="bbox 275 4082 1036 4211">
     <span class='ocr_line' id='line_1_39' title="bbox 306 4082 1036 4148; baseline -0.004 -15"><span class='ocrx_word' id='word_1_239' title='bbox 306 4083 425 4146; x_wconf 72' lang='lat' dir='ltr'>Harpyias</span> <span class='ocrx_word' id='word_1_240' title='bbox 434 4082 550 4133; x_wconf 81' lang='lat' dir='ltr'>Pisandes</span> <span class='ocrx_word' id='word_1_241' title='bbox 559 4082 713 4148; x_wconf 73' lang='lat' dir='ltr'>probabiliter</span> <span class='ocrx_word' id='word_1_242' title='bbox 723 4087 803 4132; x_wconf 88' lang='lat' dir='ltr'>narrat</span> <span class='ocrx_word' id='word_1_243' title='bbox 813 4083 836 4131; x_wconf 89' lang='lat' dir='ltr'>in</span> <span class='ocrx_word' id='word_1_244' title='bbox 847 4082 969 4145; x_wconf 79' lang='lat' dir='ltr'>Scytliiaui</span> <span class='ocrx_word' id='word_1_245' title='bbox 981 4094 1036 4130; x_wconf 77' lang='lat' dir='ltr'>aso·</span> 
     </span>
     <span class='ocr_line' id='line_1_40' title="bbox 275 4152 558 4211; baseline 0 -10"><span class='ocrx_word' id='word_1_246' title='bbox 275 4154 344 4211; x_wconf 81' lang='grc' dir='ltr'>Ιιιεεε,</span> <span class='ocrx_word' id='word_1_247' title='bbox 359 4152 422 4202; x_wconf 91' lang='lat' dir='ltr'>unde</span> <span class='ocrx_word' id='word_1_248' title='bbox 436 4159 558 4203; x_wconf 83' lang='lat' dir='ltr'>venerant.</span> 
     </span>
    </p>
   </div>
   <div class='ocr_carea' id='block_1_11' title="bbox 628 4235 679 4285">
    <p class='ocr_par' dir='ltr' id='par_1_13' title="bbox 628 4235 679 4285">
     <span class='ocr_line' id='line_1_41' title="bbox 628 4235 679 4285; baseline 0 0"><span class='ocrx_word' id='word_1_249' title='bbox 628 4235 679 4285; x_wconf 74' lang='grc'>15.</span> 
     </span>
    </p>
   </div>
   <div class='ocr_carea' id='block_1_12' title="bbox 273 4320 1036 4594">
    <p class='ocr_par' dir='ltr' id='par_1_14' title="bbox 273 4320 1036 4594">
     <span class='ocr_line' id='line_1_42' title="bbox 304 4320 1036 4383; baseline 0 -15"><span class='ocrx_word' id='word_1_250' title='bbox 304 4320 423 4369; x_wconf 83' lang='lat' dir='ltr'>Hesiodus</span> <span class='ocrx_word' id='word_1_251' title='bbox 429 4320 603 4383; x_wconf 79' lang='lat' dir='ltr'>Endymionem</span> <span class='ocrx_word' id='word_1_252' title='bbox 613 4321 671 4371; x_wconf 87' lang='lat' dir='ltr'>dicit</span> <span class='ocrx_word' id='word_1_253' title='bbox 680 4321 910 4372; x_wconf 81' lang='lat' dir='ltr'>tiliumessecalioes</span> <span class='ocrx_word' id='word_1_254' title='bbox 919 4320 1036 4371; x_wconf 78' lang='lat' dir='ltr'>etsetiiiii</span> 
     </span>
     <span class='ocr_line' id='line_1_43' title="bbox 276 4390 1036 4453; baseline 0.001 -15"><span class='ocrx_word' id='word_1_255' title='bbox 276 4390 346 4439; x_wconf 79' lang='lat' dir='ltr'>ioris</span> <span class='ocrx_word' id='word_1_256' title='bbox 356 4390 414 4450; x_wconf 72' lang='lat' dir='ltr'>iiiii,</span> <span class='ocrx_word' id='word_1_257' title='bbox 426 4390 506 4440; x_wconf 89' lang='lat' dir='ltr'>eidem</span> <span class='ocrx_word' id='word_1_258' title='bbox 516 4394 603 4441; x_wconf 83' lang='lat' dir='ltr'>iovem</span> <span class='ocrx_word' id='word_1_259' title='bbox 615 4393 661 4441; x_wconf 89' lang='lat' dir='ltr'>boc</span> <span class='ocrx_word' id='word_1_260' title='bbox 671 4391 794 4452; x_wconf 84' lang='lat' dir='ltr'>tribuisse,</span> <span class='ocrx_word' id='word_1_261' title='bbox 806 4395 835 4441; x_wconf 89' lang='lat' dir='ltr'>ut</span> <span class='ocrx_word' id='word_1_262' title='bbox 849 4404 901 4441; x_wconf 81' lang='lat' dir='ltr'>sure</span> <span class='ocrx_word' id='word_1_263' title='bbox 913 4390 964 4453; x_wconf 91' lang='lat' dir='ltr'>ipse</span> <span class='ocrx_word' id='word_1_264' title='bbox 974 4404 1036 4440; x_wconf 88' lang='lat' dir='ltr'>mor·</span> 
     </span>
     <span class='ocr_line' id='line_1_44' title="bbox 273 4460 1036 4525; baseline 0.003 -18"><span class='ocrx_word' id='word_1_265' title='bbox 273 4460 303 4509; x_wconf 87' lang='lat' dir='ltr'>tis</span> <span class='ocrx_word' id='word_1_266' title='bbox 319 4465 382 4510; x_wconf 88' lang='lat' dir='ltr'>esset</span> <span class='ocrx_word' id='word_1_267' title='bbox 391 4460 555 4524; x_wconf 88' lang='lat' dir='ltr'>dispensator,</span> <span class='ocrx_word' id='word_1_268' title='bbox 567 4465 592 4512; x_wconf 91' lang='lat' dir='ltr'>et</span> <span class='ocrx_word' id='word_1_269' title='bbox 613 4463 746 4512; x_wconf 88' lang='lat' dir='ltr'>moreretur</span> <span class='ocrx_word' id='word_1_270' title='bbox 762 4461 860 4525; x_wconf 65' lang='lat' dir='ltr'>mando</span> <span class='ocrx_word' id='word_1_271' title='bbox 883 4460 963 4511; x_wconf 84' lang='lat' dir='ltr'>vellet.</span> <span class='ocrx_word' id='word_1_272' title='bbox 991 4464 1036 4511; x_wconf 83' lang='lat' dir='ltr'>Ea·</span> 
     </span>
     <span class='ocr_line' id='line_1_45' title="bbox 274 4530 740 4594; baseline 0.004 -16"><span class='ocrx_word' id='word_1_273' title='bbox 274 4530 328 4579; x_wconf 91' lang='lat' dir='ltr'>dem</span> <span class='ocrx_word' id='word_1_274' title='bbox 341 4530 456 4581; x_wconf 77' lang='lat' dir='ltr'>pisander</span> <span class='ocrx_word' id='word_1_275' title='bbox 466 4536 560 4594; x_wconf 87' lang='lat' dir='ltr'>narrat,</span> <span class='ocrx_word' id='word_1_276' title='bbox 570 4536 595 4582; x_wconf 91' lang='lat' dir='ltr'>et</span> <span class='ocrx_word' id='word_1_277' title='bbox 605 4532 740 4582; x_wconf 72' lang='lat' dir='ltr'>Acusilaus.</span> 
     </span>
    </p>
   </div>
   <div class='ocr_carea' id='block_1_13' title="bbox 631 4621 676 4672">
    <p class='ocr_par' dir='ltr' id='par_1_15' title="bbox 631 4621 676 4672">
     <span class='ocr_line' id='line_1_46' title="bbox 631 4621 676 4672; baseline 0 -1"><span class='ocrx_word' id='word_1_278' title='bbox 631 4621 676 4672; x_wconf 81' lang='lat'>16.</span> 
     </span>
    </p>
   </div>
   <div class='ocr_carea' id='block_1_14' title="bbox 271 4704 1036 4824">
    <p class='ocr_par' dir='ltr' id='par_1_16' title="bbox 271 4704 1036 4824">
     <span class='ocr_line' id='line_1_47' title="bbox 271 4704 1036 4822; baseline 0.003 -69"><span class='ocrx_word' id='word_1_279' title='bbox 271 4704 503 4822; x_wconf 54' lang='lat' dir='ltr'>Piiiiadconemmiul</span> <span class='ocrx_word' id='word_1_280' title='bbox 520 4706 587 4757; x_wconf 82' lang='lat' dir='ltr'>bado</span> <span class='ocrx_word' id='word_1_281' title='bbox 598 4711 712 4779; x_wconf 78' lang='lat' dir='ltr'>iocatur,</span> <span class='ocrx_word' id='word_1_282' title='bbox 728 4720 742 4758; x_wconf 86' lang='lat' dir='ltr'>e</span> <span class='ocrx_word' id='word_1_283' title='bbox 757 4711 820 4757; x_wconf 86' lang='lat' dir='ltr'>terra</span> <span class='ocrx_word' id='word_1_284' title='bbox 833 4709 919 4756; x_wconf 89' lang='lat' dir='ltr'>natum</span> <span class='ocrx_word' id='word_1_285' title='bbox 932 4705 1036 4757; x_wconf 80' lang='lat' dir='ltr'>credidit</span> 
     </span>
     <span class='ocr_line' id='line_1_48' title="bbox 299 4788 393 4824; baseline -0.011 -2"><span class='ocrx_word' id='word_1_286' title='bbox 299 4788 341 4822; x_wconf 89' lang='lat' dir='ltr'>san</span> <span class='ocrx_word' id='word_1_287' title='bbox 360 4788 393 4824; x_wconf 88' lang='lat' dir='ltr'>er.</span> 
     </span>
    </p>
   </div>
   <div class='ocr_carea' id='block_1_15' title="bbox 300 4869 674 5007">
    <p class='ocr_par' dir='ltr' id='par_1_17' title="bbox 300 4869 674 5007">
     <span class='ocr_line' id='line_1_49' title="bbox 300 4869 674 5007; baseline 0.011 -15"><span class='ocrx_word' id='word_1_288' title='bbox 300 4945 416 4995; x_wconf 81' lang='lat' dir='ltr'>risanoer</span> <span class='ocrx_word' id='word_1_289' title='bbox 423 4981 431 5007; x_wconf 96' lang='lat'>,</span> <span class='ocrx_word' id='word_1_290' title='bbox 443 4946 474 4997; x_wconf 88' lang='lat' dir='ltr'>de</span> <span class='ocrx_word' id='word_1_291' title='bbox 489 4946 615 4998; x_wconf 81' lang='lat' dir='ltr'>Menelao:</span> <span class='ocrx_word' id='word_1_292' title='bbox 629 4869 674 4919; x_wconf 43' lang='lat'>¹7·</span> 
     </span>
    </p>
   </div>
   <div class='ocr_carea' id='block_1_16' title="bbox 267 5053 1032 5208">
    <p class='ocr_par' dir='ltr' id='par_1_18' title="bbox 267 5053 1032 5208">
     <span class='ocr_line' id='line_1_50' title="bbox 269 5053 1032 5129; baseline -0.001 -18"><span class='ocrx_word' id='word_1_293' title='bbox 269 5053 351 5111; x_wconf 82' lang='lat' dir='ltr'>Flava</span> <span class='ocrx_word' id='word_1_294' title='bbox 364 5072 450 5123; x_wconf 86' lang='lat' dir='ltr'>coma,</span> <span class='ocrx_word' id='word_1_295' title='bbox 464 5073 593 5129; x_wconf 88' lang='lat' dir='ltr'>procerus</span> <span class='ocrx_word' id='word_1_296' title='bbox 606 5064 674 5125; x_wconf 85' lang='lat' dir='ltr'>erat,</span> <span class='ocrx_word' id='word_1_297' title='bbox 686 5059 772 5114; x_wconf 74' lang='lat' dir='ltr'>caesiis</span> <span class='ocrx_word' id='word_1_298' title='bbox 786 5058 882 5126; x_wconf 85' lang='lat' dir='ltr'>ocutis,</span> <span class='ocrx_word' id='word_1_299' title='bbox 893 5057 935 5114; x_wconf 87' lang='lat' dir='ltr'>cui</span> <span class='ocrx_word' id='word_1_300' title='bbox 951 5056 1032 5112; x_wconf 92' lang='lat' dir='ltr'>modo</span> 
     </span>
     <span class='ocr_line' id='line_1_51' title="bbox 267 5135 1032 5208; baseline -0.001 -18"><span class='ocrx_word' id='word_1_301' title='bbox 267 5135 425 5192; x_wconf 87' lang='lat' dir='ltr'>obumbrari</span> <span class='ocrx_word' id='word_1_302' title='bbox 441 5136 532 5208; x_wconf 87' lang='lat' dir='ltr'>coepit,</span> <span class='ocrx_word' id='word_1_303' title='bbox 549 5136 667 5207; x_wconf 87' lang='lat' dir='ltr'>pulcluis</span> <span class='ocrx_word' id='word_1_304' title='bbox 682 5137 818 5194; x_wconf 87' lang='lat' dir='ltr'>cruribus.</span> <span class='ocrx_word' id='word_1_305' title='bbox 952 5138 1032 5205; x_wconf 77' lang='lat' dir='ltr'>[gena</span> 
     </span>
    </p>
   </div>
   <div class='ocr_carea' id='block_1_17' title="bbox 1092 490 1862 836">
    <p class='ocr_par' dir='ltr' id='par_1_19' title="bbox 1092 490 1862 836">
     <span class='ocr_line' id='line_1_52' title="bbox 1092 490 1862 575; baseline 0.013 -28"><span class='ocrx_word' id='word_1_306' title='bbox 1092 490 1184 562; x_wconf 80' lang='grc' dir='ltr'>νελαε,</span> <span class='ocrx_word' id='word_1_307' title='bbox 1202 491 1313 568; x_wconf 89' lang='grc' dir='ltr'>μιάνθην</span> <span class='ocrx_word' id='word_1_308' title='bbox 1329 490 1421 570; x_wconf 77' lang='grc' dir='ltr'>αἵματι</span> <span class='ocrx_word' id='word_1_309' title='bbox 1433 492 1513 572; x_wconf 81' lang='grc' dir='ltr'>μηρόν</span> <span class='ocrx_word' id='word_1_310' title='bbox 1526 493 1644 575; x_wconf 79' lang='grc' dir='ltr'>εὐρυέες,</span> <span class='ocrx_word' id='word_1_311' title='bbox 1659 496 1761 575; x_wconf 82' lang='grc' dir='ltr'>κνημαί</span> <span class='ocrx_word' id='word_1_312' title='bbox 1772 498 1799 556; x_wconf 76' lang='grc' dir='ltr'>τ’</span> <span class='ocrx_word' id='word_1_313' title='bbox 1809 502 1862 570; x_wconf 71' lang='grc' dir='ltr'>ἡέέ</span> 
     </span>
     <span class='ocr_line' id='line_1_53' title="bbox 1093 577 1858 666; baseline 0.012 -30"><span class='ocrx_word' id='word_1_314' title='bbox 1093 577 1178 659; x_wconf 79' lang='grc' dir='ltr'>σρυρθ</span> <span class='ocrx_word' id='word_1_315' title='bbox 1191 579 1256 638; x_wconf 80' lang='grc' dir='ltr'>κάλ’</span> <span class='ocrx_word' id='word_1_316' title='bbox 1266 579 1417 661; x_wconf 83' lang='grc' dir='ltr'>θπένερθεν;</span> <span class='ocrx_word' id='word_1_317' title='bbox 1432 581 1555 663; x_wconf 79' lang='grc' dir='ltr'>Νικάνωρ</span> <span class='ocrx_word' id='word_1_318' title='bbox 1568 581 1598 640; x_wconf 74' lang='grc' dir='ltr'>τό</span> <span class='ocrx_word' id='word_1_319' title='bbox 1611 583 1714 664; x_wconf 75' lang='grc' dir='ltr'>εὐφυέες</span> <span class='ocrx_word' id='word_1_320' title='bbox 1722 589 1761 666; x_wconf 78' lang='grc' dir='ltr'>τῷ</span> <span class='ocrx_word' id='word_1_321' title='bbox 1773 587 1858 665; x_wconf 73' lang='grc' dir='ltr'>μηροί</span> 
     </span>
     <span class='ocr_line' id='line_1_54' title="bbox 1092 665 1859 752; baseline 0.007 -27"><span class='ocrx_word' id='word_1_322' title='bbox 1092 667 1253 745; x_wconf 71' lang='grc' dir='ltr'>προσάπτει,</span> <span class='ocrx_word' id='word_1_323' title='bbox 1271 670 1295 725; x_wconf 88' lang='lat' dir='ltr'>ol</span> <span class='ocrx_word' id='word_1_324' title='bbox 1313 665 1340 727; x_wconf 78' lang='grc' dir='ltr'>δέ</span> <span class='ocrx_word' id='word_1_325' title='bbox 1361 669 1592 746; x_wconf 76' lang='grc' dir='ltr'>ὑπομνηματισταί</span> <span class='ocrx_word' id='word_1_326' title='bbox 1611 673 1649 751; x_wconf 79' lang='grc' dir='ltr'>τῷ</span> <span class='ocrx_word' id='word_1_327' title='bbox 1666 676 1776 752; x_wconf 76' lang='grc' dir='ltr'>κνῆμαι.</span> <span class='ocrx_word' id='word_1_328' title='bbox 1799 676 1859 733; x_wconf 73' lang='lat' dir='ltr'>Kar</span> 
     </span>
     <span class='ocr_line' id='line_1_55' title="bbox 1094 754 1266 836; baseline -0.006 -22"><span class='ocrx_word' id='word_1_329' title='bbox 1094 754 1266 836; x_wconf 85' lang='grc' dir='ltr'>Πείσανδρος·</span> 
     </span>
    </p>
   </div>
   <div class='ocr_carea' id='block_1_18' title="bbox 1130 860 1860 1036">
    <p class='ocr_par' dir='ltr' id='par_1_20' title="bbox 1130 860 1860 1036">
     <span class='ocr_line' id='line_1_56' title="bbox 1131 860 1860 957; baseline 0.045 -32"><span class='ocrx_word' id='word_1_330' title='bbox 1131 867 1311 947; x_wconf 55' lang='grc' dir='ltr'>ἑανθοκόμης,</span> <span class='ocrx_word' id='word_1_331' title='bbox 1320 865 1402 947; x_wconf 64' lang='grc' dir='ltr'>μέγα(</span> <span class='ocrx_word' id='word_1_332' title='bbox 1411 860 1454 943; x_wconf 63' lang='lat' dir='ltr'>iiis</span> <span class='ocrx_word' id='word_1_333' title='bbox 1465 868 1675 948; x_wconf 56' lang='grc' dir='ltr'>Υύαυκόίθίῑατθέι</span> <span class='ocrx_word' id='word_1_334' title='bbox 1685 870 1744 953; x_wconf 59' lang='grc' dir='ltr'>(ἷθτι</span> <span class='ocrx_word' id='word_1_335' title='bbox 1755 880 1860 957; x_wconf 45' lang='grc' dir='ltr'>ΜΨ</span> 
     </span>
     <span class='ocr_line' id='line_1_57' title="bbox 1130 956 1445 1036; baseline 0.01 -24"><span class='ocrx_word' id='word_1_336' title='bbox 1130 958 1289 1036; x_wconf 79' lang='grc' dir='ltr'>λοχμάζυιν,</span> <span class='ocrx_word' id='word_1_337' title='bbox 1311 956 1445 1035; x_wconf 80' lang='grc' dir='ltr'>εὐκνημος.</span> 
     </span>
    </p>
   </div>
   <div class='ocr_carea' id='block_1_19' title="bbox 1455 1070 1496 1127">
    <p class='ocr_par' dir='ltr' id='par_1_21' title="bbox 1455 1070 1496 1127">
     <span class='ocr_line' id='line_1_58' title="bbox 1455 1070 1496 1127; baseline 0 -1"><span class='ocrx_word' id='word_1_338' title='bbox 1455 1070 1496 1127; x_wconf 85' lang='grc'>18.</span> 
     </span>
    </p>
   </div>
   <div class='ocr_carea' id='block_1_20' title="bbox 1088 1173 1859 1518">
    <p class='ocr_par' dir='ltr' id='par_1_22' title="bbox 1088 1173 1859 1518">
     <span class='ocr_line' id='line_1_59' title="bbox 1131 1173 1856 1252; baseline -0.003 -18"><span class='ocrx_word' id='word_1_339' title='bbox 1131 1178 1277 1235; x_wconf 86' lang='lat' dir='ltr'>Scholium</span> <span class='ocrx_word' id='word_1_340' title='bbox 1292 1177 1467 1235; x_wconf 83' lang='lat' dir='ltr'>Taiirincnse</span> <span class='ocrx_word' id='word_1_341' title='bbox 1485 1173 1520 1232; x_wconf 87' lang='lat' dir='ltr'>ad</span> <span class='ocrx_word' id='word_1_342' title='bbox 1537 1175 1637 1252; x_wconf 81' lang='lat' dir='ltr'>Eurip.</span> <span class='ocrx_word' id='word_1_343' title='bbox 1653 1176 1756 1235; x_wconf 79' lang='lat' dir='ltr'>Plura.</span> <span class='ocrx_word' id='word_1_344' title='bbox 1772 1178 1832 1245; x_wconf 65' lang='grc'>834</span> <span class='ocrx_word' id='word_1_345' title='bbox 1850 1200 1856 1232; x_wconf 91' lang='lat'>:</span> 
     </span>
     <span class='ocr_line' id='line_1_60' title="bbox 1091 1260 1859 1347; baseline 0.001 -24"><span class='ocrx_word' id='word_1_346' title='bbox 1091 1264 1251 1347; x_wconf 84' lang='grc' dir='ltr'>Πείσανδρος</span> <span class='ocrx_word' id='word_1_347' title='bbox 1265 1267 1362 1343; x_wconf 82' lang='grc' dir='ltr'>ἱστορεῖ</span> <span class='ocrx_word' id='word_1_348' title='bbox 1378 1261 1417 1322; x_wconf 83' lang='grc' dir='ltr'>ὅτι</span> <span class='ocrx_word' id='word_1_349' title='bbox 1441 1260 1519 1334; x_wconf 79' lang='grc' dir='ltr'>ζάνξη</span> <span class='ocrx_word' id='word_1_350' title='bbox 1534 1264 1590 1342; x_wconf 82' lang='lat' dir='ltr'>(vei</span> <span class='ocrx_word' id='word_1_351' title='bbox 1613 1262 1701 1341; x_wconf 75' lang='grc' dir='ltr'>ξάνξη)</span> <span class='ocrx_word' id='word_1_352' title='bbox 1716 1265 1859 1343; x_wconf 70' lang='grc' dir='ltr'>Τειρεσίας</span> 
     </span>
     <span class='ocr_line' id='line_1_61' title="bbox 1090 1348 1858 1432; baseline 0.001 -22"><span class='ocrx_word' id='word_1_353' title='bbox 1090 1351 1197 1423; x_wconf 81' lang='grc' dir='ltr'>ἐποίησε</span> <span class='ocrx_word' id='word_1_354' title='bbox 1205 1352 1300 1418; x_wconf 81' lang='grc' dir='ltr'>παῖδας</span> <span class='ocrx_word' id='word_1_355' title='bbox 1309 1349 1340 1425; x_wconf 76' lang='grc' dir='ltr'>δ’,</span> <span class='ocrx_word' id='word_1_356' title='bbox 1348 1348 1636 1432; x_wconf 79' lang='grc' dir='ltr'>Φαινένφερσεκερθιλν,</span> <span class='ocrx_word' id='word_1_357' title='bbox 1648 1352 1766 1432; x_wconf 73' lang='grc' dir='ltr'>Χλῶριν,</span> <span class='ocrx_word' id='word_1_358' title='bbox 1780 1354 1858 1414; x_wconf 73' lang='lat' dir='ltr'>Mae·</span> 
     </span>
     <span class='ocr_line' id='line_1_62' title="bbox 1088 1439 1834 1518; baseline 0.003 -20"><span class='ocrx_word' id='word_1_359' title='bbox 1088 1439 1135 1500; x_wconf 87' lang='grc' dir='ltr'>τώ.</span> <span class='ocrx_word' id='word_1_360' title='bbox 1153 1444 1194 1499; x_wconf 82' lang='lat' dir='ltr'>lle</span> <span class='ocrx_word' id='word_1_361' title='bbox 1210 1441 1315 1518; x_wconf 83' lang='lat' dir='ltr'>quibtis</span> <span class='ocrx_word' id='word_1_362' title='bbox 1330 1441 1401 1499; x_wconf 90' lang='lat' dir='ltr'>certi</span> <span class='ocrx_word' id='word_1_363' title='bbox 1414 1440 1486 1497; x_wconf 88' lang='lat' dir='ltr'>nihil</span> <span class='ocrx_word' id='word_1_364' title='bbox 1501 1440 1594 1499; x_wconf 85' lang='lat' dir='ltr'>liabeo</span> <span class='ocrx_word' id='word_1_365' title='bbox 1610 1442 1687 1518; x_wconf 86' lang='lat' dir='ltr'>quod</span> <span class='ocrx_word' id='word_1_366' title='bbox 1703 1442 1834 1501; x_wconf 81' lang='lat' dir='ltr'>asseram.</span> 
     </span>
    </p>
   </div>
   <div class='ocr_carea' id='block_1_21' title="bbox 1451 1543 1495 1600">
    <p class='ocr_par' dir='ltr' id='par_1_23' title="bbox 1451 1543 1495 1600">
     <span class='ocr_line' id='line_1_63' title="bbox 1451 1543 1495 1600; baseline 0.023 -1"><span class='ocrx_word' id='word_1_367' title='bbox 1451 1543 1495 1600; x_wconf 87' lang='lat'>19.</span> 
     </span>
    </p>
   </div>
   <div class='ocr_carea' id='block_1_22' title="bbox 1087 1638 1853 2158">
    <p class='ocr_par' dir='ltr' id='par_1_24' title="bbox 1087 1638 1853 2158">
     <span class='ocr_line' id='line_1_64' title="bbox 1129 1638 1853 1723; baseline 0 -25"><span class='ocrx_word' id='word_1_368' title='bbox 1129 1640 1225 1699; x_wconf 82' lang='lat' dir='ltr'>Schol.</span> <span class='ocrx_word' id='word_1_369' title='bbox 1253 1638 1400 1716; x_wconf 86' lang='lat' dir='ltr'>Euripidis</span> <span class='ocrx_word' id='word_1_370' title='bbox 1421 1639 1522 1697; x_wconf 85' lang='lat' dir='ltr'>Phoen.</span> <span class='ocrx_word' id='word_1_371' title='bbox 1552 1638 1766 1723; x_wconf 79' lang='grc' dir='ltr'>ιρόοεἹστορεῖ</span> <span class='ocrx_word' id='word_1_372' title='bbox 1784 1640 1853 1700; x_wconf 68' lang='lat' dir='ltr'>iist-</span> 
     </span>
     <span class='ocr_line' id='line_1_65' title="bbox 1090 1724 1853 1809; baseline 0.001 -23"><span class='ocrx_word' id='word_1_373' title='bbox 1090 1729 1210 1809; x_wconf 84' lang='grc' dir='ltr'>σανθρος,</span> <span class='ocrx_word' id='word_1_374' title='bbox 1225 1724 1265 1786; x_wconf 85' lang='grc' dir='ltr'>ότι</span> <span class='ocrx_word' id='word_1_375' title='bbox 1276 1724 1345 1785; x_wconf 79' lang='grc' dir='ltr'>κατά</span> <span class='ocrx_word' id='word_1_376' title='bbox 1356 1724 1435 1806; x_wconf 84' lang='grc' dir='ltr'>χόλον</span> <span class='ocrx_word' id='word_1_377' title='bbox 1446 1730 1493 1797; x_wconf 74' lang='grc' dir='ltr'>τῆς</span> <span class='ocrx_word' id='word_1_378' title='bbox 1503 1725 1590 1807; x_wconf 84' lang='grc' dir='ltr'>Ἥρας</span> <span class='ocrx_word' id='word_1_379' title='bbox 1604 1724 1724 1807; x_wconf 78' lang='grc' dir='ltr'>έπέμρθη</span> <span class='ocrx_word' id='word_1_380' title='bbox 1735 1730 1753 1797; x_wconf 80' lang='grc' dir='ltr'>ἡ</span> <span class='ocrx_word' id='word_1_381' title='bbox 1769 1727 1853 1805; x_wconf 55' lang='lat' dir='ltr'>{pipi</span> 
     </span>
     <span class='ocr_line' id='line_1_66' title="bbox 1088 1812 1851 1896; baseline 0.005 -23"><span class='ocrx_word' id='word_1_382' title='bbox 1088 1824 1141 1883; x_wconf 85' lang='grc' dir='ltr'>τοῖς</span> <span class='ocrx_word' id='word_1_383' title='bbox 1153 1814 1282 1888; x_wconf 81' lang='grc' dir='ltr'>Θηόαίοις</span> <span class='ocrx_word' id='word_1_384' title='bbox 1291 1812 1343 1873; x_wconf 72' lang='lat' dir='ltr'>cirri</span> <span class='ocrx_word' id='word_1_385' title='bbox 1354 1817 1407 1872; x_wconf 84' lang='grc' dir='ltr'>τῶν</span> <span class='ocrx_word' id='word_1_386' title='bbox 1419 1812 1539 1893; x_wconf 74' lang='grc' dir='ltr'>ἐσχάτων</span> <span class='ocrx_word' id='word_1_387' title='bbox 1552 1816 1636 1896; x_wconf 85' lang='grc' dir='ltr'>μερῶν</span> <span class='ocrx_word' id='word_1_388' title='bbox 1646 1817 1693 1886; x_wconf 80' lang='grc' dir='ltr'>τῆς</span> <span class='ocrx_word' id='word_1_389' title='bbox 1703 1816 1851 1879; x_wconf 73' lang='grc' dir='ltr'>Αἰθιοπίας.</span> 
     </span>
     <span class='ocr_line' id='line_1_67' title="bbox 1088 1899 1851 1983; baseline -0.001 -22"><span class='ocrx_word' id='word_1_390' title='bbox 1088 1902 1128 1961; x_wconf 81' lang='grc' dir='ltr'>ότι</span> <span class='ocrx_word' id='word_1_391' title='bbox 1142 1902 1185 1962; x_wconf 86' lang='grc' dir='ltr'>τὸν</span> <span class='ocrx_word' id='word_1_392' title='bbox 1200 1903 1282 1962; x_wconf 82' lang='grc' dir='ltr'>Λάϊον</span> <span class='ocrx_word' id='word_1_393' title='bbox 1304 1899 1472 1972; x_wconf 78' lang='grc' dir='ltr'>ἀσεύνίααντα</span> <span class='ocrx_word' id='word_1_394' title='bbox 1487 1903 1522 1966; x_wconf 85' lang='grc' dir='ltr'>εἷς</span> <span class='ocrx_word' id='word_1_395' title='bbox 1538 1900 1581 1960; x_wconf 79' lang='grc' dir='ltr'>τὸν</span> <span class='ocrx_word' id='word_1_396' title='bbox 1595 1899 1748 1979; x_wconf 81' lang='grc' dir='ltr'>παράνομον</span> <span class='ocrx_word' id='word_1_397' title='bbox 1764 1900 1851 1983; x_wconf 75' lang='grc' dir='ltr'>ἔρωτα</span> 
     </span>
     <span class='ocr_line' id='line_1_68' title="bbox 1087 1987 1851 2072; baseline -0.001 -24"><span class='ocrx_word' id='word_1_398' title='bbox 1087 1995 1133 2048; x_wconf 78' lang='grc' dir='ltr'>τοῦ</span> <span class='ocrx_word' id='word_1_399' title='bbox 1144 1991 1308 2072; x_wconf 90' lang='grc' dir='ltr'>Χρυσίππου,</span> <span class='ocrx_word' id='word_1_400' title='bbox 1324 1987 1351 2048; x_wconf 86' lang='grc' dir='ltr'>θν</span> <span class='ocrx_word' id='word_1_401' title='bbox 1365 1988 1482 2070; x_wconf 76' lang='grc' dir='ltr'>ἥρπασεν</span> <span class='ocrx_word' id='word_1_402' title='bbox 1498 1988 1551 2047; x_wconf 82' lang='grc' dir='ltr'>άπὸ</span> <span class='ocrx_word' id='word_1_403' title='bbox 1566 1991 1613 2059; x_wconf 79' lang='grc' dir='ltr'>τῆς</span> <span class='ocrx_word' id='word_1_404' title='bbox 1625 1989 1723 2061; x_wconf 83' lang='grc' dir='ltr'>Πίσης,</span> <span class='ocrx_word' id='word_1_405' title='bbox 1734 1988 1783 2049; x_wconf 84' lang='grc' dir='ltr'>οὐκ</span> <span class='ocrx_word' id='word_1_406' title='bbox 1795 1992 1851 2048; x_wconf 79' lang='grc' dir='ltr'>ε’τι-</span> 
     </span>
     <span class='ocr_line' id='line_1_69' title="bbox 1089 2067 1850 2158; baseline -0.003 -23"><span class='ocrx_word' id='word_1_407' title='bbox 1089 2067 1317 2157; x_wconf 69' lang='grc' dir='ltr'>μωρήσαντο.”Ἦν</span> <span class='ocrx_word' id='word_1_408' title='bbox 1345 2074 1403 2149; x_wconf 68' lang='lat' dir='ltr'>iti</span> <span class='ocrx_word' id='word_1_409' title='bbox 1425 2074 1522 2158; x_wconf 76' lang='grc' dir='ltr'>Σρλγξ,</span> <span class='ocrx_word' id='word_1_410' title='bbox 1542 2072 1630 2157; x_wconf 79' lang='grc' dir='ltr'>ὥσπερ</span> <span class='ocrx_word' id='word_1_411' title='bbox 1653 2074 1850 2158; x_wconf 71' lang='grc' dir='ltr'>γράρεται,τν“ι,ν</span> 
     </span>
    </p>
   </div>
   <div class='ocr_carea' id='block_1_23' title="bbox 1014 2162 1853 2511">
    <p class='ocr_par' dir='ltr' id='par_1_25' title="bbox 1014 2162 1853 2511">
     <span class='ocr_line' id='line_1_70' title="bbox 1014 2162 1850 2247; baseline 0.002 -26"><span class='ocrx_word' id='word_1_412' title='bbox 1014 2207 1031 2221; x_wconf 53' lang='lat'>0</span> <span class='ocrx_word' id='word_1_413' title='bbox 1088 2163 1167 2246; x_wconf 79' lang='grc' dir='ltr'>οὐρὰν</span> <span class='ocrx_word' id='word_1_414' title='bbox 1188 2165 1286 2246; x_wconf 83' lang='grc' dir='ltr'>ἔχουσα</span> <span class='ocrx_word' id='word_1_415' title='bbox 1305 2164 1457 2247; x_wconf 82' lang='grc' dir='ltr'>δράκοντος,</span> <span class='ocrx_word' id='word_1_416' title='bbox 1482 2162 1667 2246; x_wconf 82' lang='grc' dir='ltr'>ἀναρπάζουαα</span> <span class='ocrx_word' id='word_1_417' title='bbox 1688 2162 1717 2223; x_wconf 77' lang='grc' dir='ltr'>δὲ</span> <span class='ocrx_word' id='word_1_418' title='bbox 1743 2164 1850 2245; x_wconf 71' lang='grc' dir='ltr'>μικροὺς</span> 
     </span>
     <span class='ocr_line' id='line_1_71' title="bbox 1087 2243 1851 2332; baseline -0.001 -20"><span class='ocrx_word' id='word_1_419' title='bbox 1087 2254 1132 2312; x_wconf 77' lang='grc' dir='ltr'>καὶ</span> <span class='ocrx_word' id='word_1_420' title='bbox 1147 2252 1275 2332; x_wconf 83' lang='grc' dir='ltr'>μεγάλους</span> <span class='ocrx_word' id='word_1_421' title='bbox 1283 2252 1431 2325; x_wconf 78' lang='grc' dir='ltr'>κατήσθιεν,</span> <span class='ocrx_word' id='word_1_422' title='bbox 1442 2254 1469 2310; x_wconf 74' lang='grc' dir='ltr'>ἐν</span> <span class='ocrx_word' id='word_1_423' title='bbox 1479 2243 1515 2317; x_wconf 77' lang='grc' dir='ltr'>οἷς</span> <span class='ocrx_word' id='word_1_424' title='bbox 1531 2249 1576 2309; x_wconf 78' lang='grc' dir='ltr'>καὶ</span> <span class='ocrx_word' id='word_1_425' title='bbox 1585 2247 1688 2329; x_wconf 74' lang='grc' dir='ltr'>Αἵμονα</span> <span class='ocrx_word' id='word_1_426' title='bbox 1697 2248 1740 2310; x_wconf 84' lang='grc' dir='ltr'>τθν</span> <span class='ocrx_word' id='word_1_427' title='bbox 1754 2252 1851 2332; x_wconf 81' lang='grc' dir='ltr'>Κρέον·</span> 
     </span>
     <span class='ocr_line' id='line_1_72' title="bbox 1088 2336 1853 2420; baseline -0.005 -19"><span class='ocrx_word' id='word_1_428' title='bbox 1088 2366 1131 2408; x_wconf 88' lang='grc' dir='ltr'>τος</span> <span class='ocrx_word' id='word_1_429' title='bbox 1141 2341 1232 2415; x_wconf 86' lang='grc' dir='ltr'>παῖδα,</span> <span class='ocrx_word' id='word_1_430' title='bbox 1243 2340 1288 2399; x_wconf 80' lang='grc' dir='ltr'>καὶ</span> <span class='ocrx_word' id='word_1_431' title='bbox 1301 2338 1408 2400; x_wconf 84' lang='grc' dir='ltr'>Ἵππιον</span> <span class='ocrx_word' id='word_1_432' title='bbox 1422 2345 1467 2399; x_wconf 82' lang='grc' dir='ltr'>τοῦ</span> <span class='ocrx_word' id='word_1_433' title='bbox 1482 2336 1644 2420; x_wconf 86' lang='grc' dir='ltr'>Εὐρυνόμου,</span> <span class='ocrx_word' id='word_1_434' title='bbox 1660 2342 1708 2397; x_wconf 76' lang='grc' dir='ltr'>τοῦ</span> <span class='ocrx_word' id='word_1_435' title='bbox 1717 2347 1771 2407; x_wconf 81' lang='grc' dir='ltr'>τοῖς</span> <span class='ocrx_word' id='word_1_436' title='bbox 1785 2342 1853 2400; x_wconf 80' lang='grc' dir='ltr'>Κεν-</span> 
     </span>
     <span class='ocr_line' id='line_1_73' title="bbox 1084 2416 1850 2511; baseline -0.004 -22"><span class='ocrx_word' id='word_1_437' title='bbox 1084 2428 1191 2511; x_wconf 75' lang='grc' dir='ltr'>ταύροις</span> <span class='ocrx_word' id='word_1_438' title='bbox 1205 2424 1398 2509; x_wconf 73' lang='grc' dir='ltr'>μαχεσαμένου·</span> <span class='ocrx_word' id='word_1_439' title='bbox 1410 2416 1475 2497; x_wconf 61' lang='lat' dir='ltr'>isar</span> <span class='ocrx_word' id='word_1_440' title='bbox 1487 2424 1515 2484; x_wconf 70' lang='grc' dir='ltr'>δὲ</span> <span class='ocrx_word' id='word_1_441' title='bbox 1523 2424 1672 2508; x_wconf 80' lang='grc' dir='ltr'>Εὐρύνομος</span> <span class='ocrx_word' id='word_1_442' title='bbox 1678 2426 1724 2486; x_wconf 79' lang='grc' dir='ltr'>καί</span> <span class='ocrx_word' id='word_1_443' title='bbox 1733 2425 1850 2493; x_wconf 69' lang='lat' dir='ltr'>&#39;Hicesiae</span> 
     </span>
    </p>
   </div>
   <div class='ocr_carea' id='block_1_24' title="bbox 1084 2512 1887 3472">
    <p class='ocr_par' dir='ltr' id='par_1_26' title="bbox 1084 2512 1887 3472">
     <span class='ocr_line' id='line_1_74' title="bbox 1088 2512 1848 2595; baseline -0.005 -20"><span class='ocrx_word' id='word_1_444' title='bbox 1088 2518 1140 2575; x_wconf 82' lang='grc' dir='ltr'>υἱοὶ</span> <span class='ocrx_word' id='word_1_445' title='bbox 1152 2516 1291 2595; x_wconf 83' lang='grc' dir='ltr'>Μάγνητος</span> <span class='ocrx_word' id='word_1_446' title='bbox 1307 2521 1353 2574; x_wconf 79' lang='grc' dir='ltr'>τοῦ</span> <span class='ocrx_word' id='word_1_447' title='bbox 1370 2513 1491 2575; x_wconf 74' lang='lat' dir='ltr'>Aiolidai</span> <span class='ocrx_word' id='word_1_448' title='bbox 1513 2512 1558 2573; x_wconf 80' lang='lat' dir='ltr'>ital</span> <span class='ocrx_word' id='word_1_449' title='bbox 1585 2514 1736 2586; x_wconf 81' lang='grc' dir='ltr'>Φιλοθίκης.</span> <span class='ocrx_word' id='word_1_450' title='bbox 1751 2514 1785 2575; x_wconf 83' lang='grc' dir='ltr'><strong>Ὁ</strong></span> <span class='ocrx_word' id='word_1_451' title='bbox 1801 2515 1848 2591; x_wconf 73' lang='grc' dir='ltr'>μὲν</span> 
     </span>
     <span class='ocr_line' id='line_1_75' title="bbox 1086 2596 1849 2684; baseline -0.005 -21"><span class='ocrx_word' id='word_1_452' title='bbox 1086 2596 1130 2663; x_wconf 83' lang='grc' dir='ltr'>οὐν</span> <span class='ocrx_word' id='word_1_453' title='bbox 1141 2603 1247 2671; x_wconf 77' lang='grc' dir='ltr'>Ἵππιος</span> <span class='ocrx_word' id='word_1_454' title='bbox 1259 2602 1304 2663; x_wconf 81' lang='grc' dir='ltr'>καί</span> <span class='ocrx_word' id='word_1_455' title='bbox 1313 2603 1381 2671; x_wconf 79' lang='grc' dir='ltr'>ξένος</span> <span class='ocrx_word' id='word_1_456' title='bbox 1392 2601 1428 2660; x_wconf 81' lang='grc' dir='ltr'>ὢν</span> <span class='ocrx_word' id='word_1_457' title='bbox 1443 2600 1493 2659; x_wconf 81' lang='grc' dir='ltr'>ὑπὸ</span> <span class='ocrx_word' id='word_1_458' title='bbox 1505 2606 1551 2673; x_wconf 76' lang='grc' dir='ltr'>τῆς</span> <span class='ocrx_word' id='word_1_459' title='bbox 1566 2600 1678 2684; x_wconf 73' lang='grc' dir='ltr'>Σριχγθς</span> <span class='ocrx_word' id='word_1_460' title='bbox 1693 2600 1823 2681; x_wconf 78' lang='grc' dir='ltr'>άνηρέθη,</span> <span class='ocrx_word' id='word_1_461' title='bbox 1835 2606 1849 2659; x_wconf 80' lang='grc' dir='ltr'>θ</span> 
     </span>
     <span class='ocr_line' id='line_1_76' title="bbox 1086 2686 1846 2772; baseline -0.008 -21"><span class='ocrx_word' id='word_1_462' title='bbox 1086 2692 1114 2751; x_wconf 81' lang='grc' dir='ltr'>δὲ</span> <span class='ocrx_word' id='word_1_463' title='bbox 1127 2691 1241 2758; x_wconf 83' lang='grc' dir='ltr'>ἸΙϊονεθς</span> <span class='ocrx_word' id='word_1_464' title='bbox 1256 2691 1305 2749; x_wconf 77' lang='grc' dir='ltr'>ὑπὸ</span> <span class='ocrx_word' id='word_1_465' title='bbox 1316 2697 1361 2749; x_wconf 80' lang='grc' dir='ltr'>τοῦ</span> <span class='ocrx_word' id='word_1_466' title='bbox 1373 2688 1522 2766; x_wconf 80' lang='grc' dir='ltr'>Οἰνομάου,</span> <span class='ocrx_word' id='word_1_467' title='bbox 1537 2688 1565 2748; x_wconf 89' lang='grc' dir='ltr'>θν</span> <span class='ocrx_word' id='word_1_468' title='bbox 1575 2689 1668 2772; x_wconf 85' lang='grc' dir='ltr'>τρόπον</span> <span class='ocrx_word' id='word_1_469' title='bbox 1678 2689 1757 2747; x_wconf 83' lang='grc' dir='ltr'>καλοί</span> <span class='ocrx_word' id='word_1_470' title='bbox 1771 2686 1846 2746; x_wconf 76' lang='grc' dir='ltr'>ἄλλοι</span> 
     </span>
     <span class='ocr_line' id='line_1_77' title="bbox 1087 2773 1847 2862; baseline -0.008 -25"><span class='ocrx_word' id='word_1_471' title='bbox 1087 2784 1242 2862; x_wconf 73' lang='grc' dir='ltr'>μνηστῆρες.</span> <span class='ocrx_word' id='word_1_472' title='bbox 1259 2782 1366 2859; x_wconf 70' lang='lat' dir='ltr'>lipsiaco&lt;</span> <span class='ocrx_word' id='word_1_473' title='bbox 1382 2776 1409 2835; x_wconf 82' lang='grc' dir='ltr'>δὲ</span> <span class='ocrx_word' id='word_1_474' title='bbox 1421 2782 1434 2837; x_wconf 85' lang='grc' dir='ltr'>θ</span> <span class='ocrx_word' id='word_1_475' title='bbox 1447 2775 1529 2843; x_wconf 83' lang='grc' dir='ltr'>Λάϊος</span> <span class='ocrx_word' id='word_1_476' title='bbox 1543 2775 1587 2836; x_wconf 79' lang='grc' dir='ltr'>τὸν</span> <span class='ocrx_word' id='word_1_477' title='bbox 1606 2777 1742 2853; x_wconf 73' lang='grc' dir='ltr'>ἀθέμιστον</span> <span class='ocrx_word' id='word_1_478' title='bbox 1759 2773 1847 2855; x_wconf 77' lang='grc' dir='ltr'>ἔροιτο</span> 
     </span>
     <span class='ocr_line' id='line_1_78' title="bbox 1085 2860 1887 2947; baseline -0.007 -22"><span class='ocrx_word' id='word_1_479' title='bbox 1085 2875 1175 2928; x_wconf 78' lang='grc' dir='ltr'>τοῦτον</span> <span class='ocrx_word' id='word_1_480' title='bbox 1187 2868 1273 2947; x_wconf 84' lang='grc' dir='ltr'>ἔσχεν.</span> <span class='ocrx_word' id='word_1_481' title='bbox 1288 2865 1322 2926; x_wconf 88' lang='lat'>‘0</span> <span class='ocrx_word' id='word_1_482' title='bbox 1338 2863 1364 2923; x_wconf 80' lang='lat' dir='ltr'>it</span> <span class='ocrx_word' id='word_1_483' title='bbox 1384 2862 1539 2946; x_wconf 83' lang='grc' dir='ltr'>Χρύσιππος</span> <span class='ocrx_word' id='word_1_484' title='bbox 1554 2862 1604 2923; x_wconf 84' lang='grc' dir='ltr'>θπθ</span> <span class='ocrx_word' id='word_1_485' title='bbox 1620 2860 1746 2942; x_wconf 79' lang='grc' dir='ltr'>αἰσχύνης</span> <span class='ocrx_word' id='word_1_486' title='bbox 1757 2863 1846 2920; x_wconf 70' lang='grc' dir='ltr'>ἑαυτὸν</span> <span class='ocrx_word' id='word_1_487' title='bbox 1879 2920 1887 2927; x_wconf 76' lang='grc'>,</span> 
     </span>
     <span class='ocr_line' id='line_1_79' title="bbox 1085 2942 1849 3038; baseline -0.009 -24"><span class='ocrx_word' id='word_1_488' title='bbox 1085 2954 1243 3038; x_wconf 77' lang='grc' dir='ltr'>διεχρήσατο</span> <span class='ocrx_word' id='word_1_489' title='bbox 1264 2958 1301 3035; x_wconf 77' lang='grc' dir='ltr'>τῷ</span> <span class='ocrx_word' id='word_1_490' title='bbox 1324 2952 1347 3022; x_wconf 78' lang='grc' dir='ltr'>ξί</span> <span class='ocrx_word' id='word_1_491' title='bbox 1353 2976 1398 3035; x_wconf 84' lang='grc' dir='ltr'>ρει.</span> <span class='ocrx_word' id='word_1_492' title='bbox 1415 2950 1484 3013; x_wconf 87' lang='grc' dir='ltr'>Τότε</span> <span class='ocrx_word' id='word_1_493' title='bbox 1498 2951 1546 3030; x_wconf 80' lang='grc' dir='ltr'>μὲν</span> <span class='ocrx_word' id='word_1_494' title='bbox 1563 2942 1607 3011; x_wconf 78' lang='grc' dir='ltr'>οὐν</span> <span class='ocrx_word' id='word_1_495' title='bbox 1621 2950 1796 3032; x_wconf 79' lang='grc' dir='ltr'>ὁΤειρεσίας,</span> <span class='ocrx_word' id='word_1_496' title='bbox 1813 2954 1849 3015; x_wconf 76' lang='grc' dir='ltr'>ὡς</span> 
     </span>
     <span class='ocr_line' id='line_1_80' title="bbox 1086 3030 1846 3122; baseline -0.012 -18"><span class='ocrx_word' id='word_1_497' title='bbox 1086 3044 1192 3122; x_wconf 87' lang='grc' dir='ltr'>μάντις,</span> <span class='ocrx_word' id='word_1_498' title='bbox 1214 3040 1274 3100; x_wconf 70' lang='grc' dir='ltr'>ἰδὼν</span> <span class='ocrx_word' id='word_1_499' title='bbox 1293 3038 1332 3099; x_wconf 88' lang='grc' dir='ltr'>ότι</span> <span class='ocrx_word' id='word_1_500' title='bbox 1352 3037 1491 3119; x_wconf 77' lang='grc' dir='ltr'>θεοστυγὴς</span> <span class='ocrx_word' id='word_1_501' title='bbox 1509 3030 1540 3111; x_wconf 72' lang='grc' dir='ltr'>ἦν</span> <span class='ocrx_word' id='word_1_502' title='bbox 1558 3037 1684 3107; x_wconf 83' lang='grc' dir='ltr'>θΛάϊος,</span> <span class='ocrx_word' id='word_1_503' title='bbox 1704 3036 1846 3121; x_wconf 77' lang='grc' dir='ltr'>ἀπέτρεπεν</span> 
     </span>
     <span class='ocr_line' id='line_1_81' title="bbox 1085 3124 1846 3209; baseline -0.011 -18"><span class='ocrx_word' id='word_1_504' title='bbox 1085 3131 1162 3191; x_wconf 81' lang='grc' dir='ltr'>αὐτὸν</span> <span class='ocrx_word' id='word_1_505' title='bbox 1176 3136 1222 3202; x_wconf 76' lang='grc' dir='ltr'>τῆς</span> <span class='ocrx_word' id='word_1_506' title='bbox 1236 3128 1279 3189; x_wconf 79' lang='grc' dir='ltr'>ἐπὶ</span> <span class='ocrx_word' id='word_1_507' title='bbox 1291 3128 1334 3187; x_wconf 80' lang='grc' dir='ltr'>τὸν</span> <span class='ocrx_word' id='word_1_508' title='bbox 1350 3127 1501 3187; x_wconf 82' lang='grc' dir='ltr'>Ἀπολλωνα</span> <span class='ocrx_word' id='word_1_509' title='bbox 1513 3127 1587 3200; x_wconf 79' lang='grc' dir='ltr'>ὁδοῦ,</span> <span class='ocrx_word' id='word_1_510' title='bbox 1602 3131 1634 3207; x_wconf 80' lang='grc' dir='ltr'>τῇ</span> <span class='ocrx_word' id='word_1_511' title='bbox 1649 3124 1677 3184; x_wconf 77' lang='grc' dir='ltr'>δὲ</span> <span class='ocrx_word' id='word_1_512' title='bbox 1686 3125 1761 3209; x_wconf 63' lang='grc' dir='ltr'>Ἥρη</span> <span class='ocrx_word' id='word_1_513' title='bbox 1777 3127 1846 3202; x_wconf 75' lang='lat' dir='ltr'>psi-</span> 
     </span>
     <span class='ocr_line' id='line_1_82' title="bbox 1084 3211 1846 3299; baseline -0.012 -19"><span class='ocrx_word' id='word_1_514' title='bbox 1084 3225 1128 3281; x_wconf 85' lang='grc' dir='ltr'>λον</span> <span class='ocrx_word' id='word_1_515' title='bbox 1148 3224 1180 3299; x_wconf 76' lang='grc' dir='ltr'>τῇ</span> <span class='ocrx_word' id='word_1_516' title='bbox 1203 3215 1360 3297; x_wconf 78' lang='grc' dir='ltr'>γαμοστόλυρ</span> <span class='ocrx_word' id='word_1_517' title='bbox 1377 3219 1424 3297; x_wconf 73' lang='grc' dir='ltr'>θεᾷ</span> <span class='ocrx_word' id='word_1_518' title='bbox 1436 3213 1504 3273; x_wconf 85' lang='grc' dir='ltr'>θύειν</span> <span class='ocrx_word' id='word_1_519' title='bbox 1518 3212 1584 3297; x_wconf 77' lang='grc' dir='ltr'>ἱερά.</span> <span class='ocrx_word' id='word_1_520' title='bbox 1601 3213 1636 3273; x_wconf 81' lang='lat'>‘0</span> <span class='ocrx_word' id='word_1_521' title='bbox 1659 3213 1688 3273; x_wconf 74' lang='grc' dir='ltr'>δὲ</span> <span class='ocrx_word' id='word_1_522' title='bbox 1702 3212 1778 3272; x_wconf 79' lang='grc' dir='ltr'>αὐτὸν</span> <span class='ocrx_word' id='word_1_523' title='bbox 1797 3211 1846 3280; x_wconf 77' lang='grc' dir='ltr'>ἔξε-</span> 
     </span>
     <span class='ocr_line' id='line_1_83' title="bbox 1084 3301 1846 3391; baseline -0.01 -23"><span class='ocrx_word' id='word_1_524' title='bbox 1084 3309 1216 3391; x_wconf 68' lang='lat' dir='ltr'>petitia.</span> <span class='ocrx_word' id='word_1_525' title='bbox 1227 3303 1356 3365; x_wconf 70' lang='grc' dir='ltr'>’.λπελθὼν</span> <span class='ocrx_word' id='word_1_526' title='bbox 1370 3302 1454 3362; x_wconf 88' lang='grc' dir='ltr'>τοίνυν</span> <span class='ocrx_word' id='word_1_527' title='bbox 1469 3302 1592 3386; x_wconf 78' lang='grc' dir='ltr'>ἔρονεύθη</span> <span class='ocrx_word' id='word_1_528' title='bbox 1606 3303 1633 3359; x_wconf 81' lang='grc' dir='ltr'>ἐν</span> <span class='ocrx_word' id='word_1_529' title='bbox 1645 3306 1678 3382; x_wconf 84' lang='grc' dir='ltr'>τῇ</span> <span class='ocrx_word' id='word_1_530' title='bbox 1689 3306 1785 3380; x_wconf 75' lang='grc' dir='ltr'>σχιστῇ</span> <span class='ocrx_word' id='word_1_531' title='bbox 1796 3301 1846 3380; x_wconf 76' lang='grc' dir='ltr'>ὁδῷ</span> 
     </span>
     <span class='ocr_line' id='line_1_84' title="bbox 1085 3388 1846 3472; baseline -0.013 -16"><span class='ocrx_word' id='word_1_532' title='bbox 1085 3397 1162 3464; x_wconf 82' lang='grc' dir='ltr'>αὐτὸς</span> <span class='ocrx_word' id='word_1_533' title='bbox 1172 3394 1245 3455; x_wconf 76' lang='grc' dir='ltr'>καὶὸ</span> <span class='ocrx_word' id='word_1_534' title='bbox 1261 3392 1364 3471; x_wconf 79' lang='grc' dir='ltr'>ἡνίοχος</span> <span class='ocrx_word' id='word_1_535' title='bbox 1378 3394 1474 3466; x_wconf 77' lang='grc' dir='ltr'>αὐτοῦ,</span> <span class='ocrx_word' id='word_1_536' title='bbox 1492 3388 1581 3462; x_wconf 75' lang='grc' dir='ltr'>ἐπειδὴ</span> <span class='ocrx_word' id='word_1_537' title='bbox 1599 3389 1679 3472; x_wconf 76' lang='grc' dir='ltr'>ἔτυψε</span> <span class='ocrx_word' id='word_1_538' title='bbox 1692 3394 1723 3469; x_wconf 82' lang='grc' dir='ltr'>τῇ</span> <span class='ocrx_word' id='word_1_539' title='bbox 1736 3390 1846 3470; x_wconf 66' lang='grc' dir='ltr'>μάστιγι</span> 
     </span>
    </p>
   </div>
   <div class='ocr_carea' id='block_1_25' title="bbox 1085 3566 1846 3778">
    <p class='ocr_par' dir='ltr' id='par_1_27' title="bbox 1085 3566 1846 3778">
     <span class='ocr_line' id='line_1_85' title="bbox 1115 3566 1846 3702; baseline -0.012 -6"><span class='ocrx_word' id='word_1_540' title='bbox 1115 3645 1230 3697; x_wconf 77' lang='lat' dir='ltr'>Pisandes</span> <span class='ocrx_word' id='word_1_541' title='bbox 1241 3647 1321 3694; x_wconf 89' lang='lat' dir='ltr'>narrat</span> <span class='ocrx_word' id='word_1_542' title='bbox 1330 3566 1524 3692; x_wconf 55' lang='lat' dir='ltr'>insaniis...</span> <span class='ocrx_word' id='word_1_543' title='bbox 1537 3638 1672 3702; x_wconf 84' lang='lat' dir='ltr'>suscepisse</span> <span class='ocrx_word' id='word_1_544' title='bbox 1683 3637 1769 3687; x_wconf 86' lang='lat' dir='ltr'>liberos</span> <span class='ocrx_word' id='word_1_545' title='bbox 1781 3644 1846 3702; x_wconf 81' lang='lat' dir='ltr'>qnat-</span> 
     </span>
     <span class='ocr_line' id='line_1_86' title="bbox 1085 3716 1410 3778; baseline -0.022 -11"><span class='ocrx_word' id='word_1_546' title='bbox 1085 3722 1139 3767; x_wconf 90' lang='lat' dir='ltr'>tnor</span> <span class='ocrx_word' id='word_1_547' title='bbox 1140 3752 1186 3778; x_wconf 86' lang='grc'>.....</span> <span class='ocrx_word' id='word_1_548' title='bbox 1199 3716 1308 3777; x_wconf 84' lang='lat' dir='ltr'>Clitorio,</span> <span class='ocrx_word' id='word_1_549' title='bbox 1320 3716 1410 3763; x_wconf 86' lang='lat' dir='ltr'>Manto.</span> 
     </span>
    </p>
   </div>
   <div class='ocr_carea' id='block_1_26' title="bbox 1440 3792 1487 3843">
    <p class='ocr_par' dir='ltr' id='par_1_28' title="bbox 1440 3792 1487 3843">
     <span class='ocr_line' id='line_1_87' title="bbox 1440 3792 1487 3843; baseline -0.021 0"><span class='ocrx_word' id='word_1_550' title='bbox 1440 3792 1487 3843; x_wconf 85' lang='lat' dir='ltr'>ts.</span> 
     </span>
    </p>
   </div>
   <div class='ocr_carea' id='block_1_27' title="bbox 1080 3875 1846 4505">
    <p class='ocr_par' dir='ltr' id='par_1_29' title="bbox 1080 3875 1846 4505">
     <span class='ocr_line' id='line_1_88' title="bbox 1113 3875 1845 3945; baseline -0.015 -10"><span class='ocrx_word' id='word_1_551' title='bbox 1113 3888 1198 3935; x_wconf 77' lang='lat' dir='ltr'>Narrat</span> <span class='ocrx_word' id='word_1_552' title='bbox 1207 3882 1332 3944; x_wconf 80' lang='lat' dir='ltr'>Pisandes,</span> <span class='ocrx_word' id='word_1_553' title='bbox 1342 3881 1497 3945; x_wconf 76' lang='lat' dir='ltr'>pertnnonis</span> <span class='ocrx_word' id='word_1_554' title='bbox 1507 3883 1568 3934; x_wconf 88' lang='lat' dir='ltr'>iram</span> <span class='ocrx_word' id='word_1_555' title='bbox 1578 3879 1708 3944; x_wconf 71' lang='lat' dir='ltr'>sphingem</span> <span class='ocrx_word' id='word_1_556' title='bbox 1721 3875 1845 3928; x_wconf 75' lang='lat' dir='ltr'>Thebanis</span> 
     </span>
     <span class='ocr_line' id='line_1_89' title="bbox 1082 3945 1846 4016; baseline -0.014 -10"><span class='ocrx_word' id='word_1_557' title='bbox 1082 3970 1114 4006; x_wconf 87' lang='grc' dir='ltr'>εκ</span> <span class='ocrx_word' id='word_1_558' title='bbox 1127 3953 1219 4005; x_wconf 89' lang='lat' dir='ltr'>ultiniis</span> <span class='ocrx_word' id='word_1_559' title='bbox 1235 3952 1284 4002; x_wconf 83' lang='lat' dir='ltr'>oris</span> <span class='ocrx_word' id='word_1_560' title='bbox 1296 3951 1426 4016; x_wconf 78' lang='lat' dir='ltr'>AEtttiopia</span> <span class='ocrx_word' id='word_1_561' title='bbox 1445 3952 1579 4004; x_wconf 82' lang='lat' dir='ltr'>immissam</span> <span class='ocrx_word' id='word_1_562' title='bbox 1593 3963 1663 4011; x_wconf 82' lang='lat' dir='ltr'>esse,</span> <span class='ocrx_word' id='word_1_563' title='bbox 1674 3950 1791 4013; x_wconf 82' lang='lat' dir='ltr'>quonlam</span> <span class='ocrx_word' id='word_1_564' title='bbox 1812 3945 1846 3995; x_wconf 80' lang='lat' dir='ltr'>titt</span> 
     </span>
     <span class='ocr_line' id='line_1_90' title="bbox 1082 4016 1846 4086; baseline -0.016 -11"><span class='ocrx_word' id='word_1_565' title='bbox 1082 4026 1179 4084; x_wconf 79' lang='lat' dir='ltr'>ianm,</span> <span class='ocrx_word' id='word_1_566' title='bbox 1190 4023 1232 4085; x_wconf 85' lang='lat' dir='ltr'>qui</span> <span class='ocrx_word' id='word_1_567' title='bbox 1244 4019 1347 4071; x_wconf 83' lang='lat' dir='ltr'>ociando</span> <span class='ocrx_word' id='word_1_568' title='bbox 1358 4033 1440 4072; x_wconf 89' lang='lat' dir='ltr'>amore</span> <span class='ocrx_word' id='word_1_569' title='bbox 1450 4022 1612 4086; x_wconf 79' lang='lat' dir='ltr'>chrysippum</span> <span class='ocrx_word' id='word_1_570' title='bbox 1621 4020 1676 4070; x_wconf 85' lang='lat' dir='ltr'>Pisa</span> <span class='ocrx_word' id='word_1_571' title='bbox 1685 4020 1783 4082; x_wconf 85' lang='lat' dir='ltr'>raptum</span> <span class='ocrx_word' id='word_1_572' title='bbox 1796 4016 1846 4064; x_wconf 81' lang='lat' dir='ltr'>sio</span> 
     </span>
     <span class='ocr_line' id='line_1_91' title="bbox 1081 4084 1844 4156; baseline -0.013 -13"><span class='ocrx_word' id='word_1_573' title='bbox 1081 4094 1185 4152; x_wconf 84' lang='lat' dir='ltr'>laverat,</span> <span class='ocrx_word' id='word_1_574' title='bbox 1199 4105 1270 4156; x_wconf 75' lang='lat' dir='ltr'>prena</span> <span class='ocrx_word' id='word_1_575' title='bbox 1288 4091 1498 4141; x_wconf 81' lang='lat' dir='ltr'>nudaaiieoerint.</span> <span class='ocrx_word' id='word_1_576' title='bbox 1517 4091 1626 4142; x_wconf 82' lang='lat' dir='ltr'>ilabebat</span> <span class='ocrx_word' id='word_1_577' title='bbox 1644 4093 1725 4138; x_wconf 83' lang='lat' dir='ltr'>auteur</span> <span class='ocrx_word' id='word_1_578' title='bbox 1737 4084 1844 4149; x_wconf 79' lang='lat' dir='ltr'>sphinx,</span> 
     </span>
     <span class='ocr_line' id='line_1_92' title="bbox 1082 4160 1845 4225; baseline -0.01 -12"><span class='ocrx_word' id='word_1_579' title='bbox 1082 4169 1109 4213; x_wconf 92' lang='lat' dir='ltr'>ut</span> <span class='ocrx_word' id='word_1_580' title='bbox 1129 4163 1257 4222; x_wconf 85' lang='lat' dir='ltr'>scribitur,</span> <span class='ocrx_word' id='word_1_581' title='bbox 1277 4160 1379 4211; x_wconf 87' lang='lat' dir='ltr'>caudam</span> <span class='ocrx_word' id='word_1_582' title='bbox 1395 4161 1524 4222; x_wconf 85' lang='lat' dir='ltr'>dmoonis,</span> <span class='ocrx_word' id='word_1_583' title='bbox 1547 4167 1572 4212; x_wconf 84' lang='lat' dir='ltr'>ei</span> <span class='ocrx_word' id='word_1_584' title='bbox 1590 4174 1678 4225; x_wconf 76' lang='lat' dir='ltr'>parvos</span> <span class='ocrx_word' id='word_1_585' title='bbox 1695 4170 1845 4220; x_wconf 58' lang='lat' dir='ltr'>mutuosque</span> 
     </span>
     <span class='ocr_line' id='line_1_93' title="bbox 1080 4228 1846 4298; baseline -0.012 -14"><span class='ocrx_word' id='word_1_586' title='bbox 1080 4236 1203 4298; x_wconf 87' lang='lat' dir='ltr'>correptos</span> <span class='ocrx_word' id='word_1_587' title='bbox 1228 4231 1372 4291; x_wconf 56' lang='lat' dir='ltr'>devorabam</span> <span class='ocrx_word' id='word_1_588' title='bbox 1393 4231 1420 4281; x_wconf 91' lang='lat' dir='ltr'>ln</span> <span class='ocrx_word' id='word_1_589' title='bbox 1441 4231 1530 4296; x_wconf 85' lang='lat' dir='ltr'>quibus</span> <span class='ocrx_word' id='word_1_590' title='bbox 1557 4234 1699 4282; x_wconf 74' lang='lat' dir='ltr'>Hemonam</span> <span class='ocrx_word' id='word_1_591' title='bbox 1732 4228 1846 4278; x_wconf 69' lang='lat' dir='ltr'>&amp;eonas</span> 
     </span>
     <span class='ocr_line' id='line_1_94' title="bbox 1081 4296 1845 4365; baseline -0.01 -13"><span class='ocrx_word' id='word_1_592' title='bbox 1081 4303 1170 4363; x_wconf 85' lang='lat' dir='ltr'>titium,</span> <span class='ocrx_word' id='word_1_593' title='bbox 1187 4306 1212 4352; x_wconf 87' lang='lat' dir='ltr'>et</span> <span class='ocrx_word' id='word_1_594' title='bbox 1227 4300 1342 4365; x_wconf 85' lang='lat' dir='ltr'>Hippiam</span> <span class='ocrx_word' id='word_1_595' title='bbox 1357 4302 1490 4365; x_wconf 72' lang='lat' dir='ltr'>Eurynomi</span> <span class='ocrx_word' id='word_1_596' title='bbox 1507 4301 1572 4351; x_wconf 88' lang='lat' dir='ltr'>illius</span> <span class='ocrx_word' id='word_1_597' title='bbox 1584 4299 1627 4364; x_wconf 89' lang='lat' dir='ltr'>qui</span> <span class='ocrx_word' id='word_1_598' title='bbox 1643 4312 1699 4349; x_wconf 82' lang='lat' dir='ltr'>curu</span> <span class='ocrx_word' id='word_1_599' title='bbox 1716 4296 1845 4348; x_wconf 72' lang='lat' dir='ltr'>cmunm</span> 
     </span>
     <span class='ocr_line' id='line_1_95' title="bbox 1080 4366 1843 4437; baseline -0.013 -13"><span class='ocrx_word' id='word_1_600' title='bbox 1080 4374 1248 4437; x_wconf 72' lang='lat' dir='ltr'>pugnaverat:</span> <span class='ocrx_word' id='word_1_601' title='bbox 1261 4384 1292 4421; x_wconf 81' lang='lat' dir='ltr'>ex</span> <span class='ocrx_word' id='word_1_602' title='bbox 1309 4371 1347 4420; x_wconf 90' lang='lat' dir='ltr'>his</span> <span class='ocrx_word' id='word_1_603' title='bbox 1360 4374 1516 4435; x_wconf 84' lang='lat' dir='ltr'>Eurynomus</span> <span class='ocrx_word' id='word_1_604' title='bbox 1528 4385 1584 4421; x_wconf 88' lang='lat' dir='ltr'>cum</span> <span class='ocrx_word' id='word_1_605' title='bbox 1601 4370 1693 4421; x_wconf 81' lang='lat' dir='ltr'>Eioneo</span> <span class='ocrx_word' id='word_1_606' title='bbox 1709 4366 1773 4418; x_wconf 83' lang='lat' dir='ltr'>illios</span> <span class='ocrx_word' id='word_1_607' title='bbox 1789 4370 1843 4415; x_wconf 85' lang='lat' dir='ltr'>erat</span> 
     </span>
     <span class='ocr_line' id='line_1_96' title="bbox 1080 4436 1846 4505; baseline -0.013 -12"><span class='ocrx_word' id='word_1_608' title='bbox 1080 4442 1205 4505; x_wconf 79' lang='lat' dir='ltr'>Magnetis,</span> <span class='ocrx_word' id='word_1_609' title='bbox 1213 4441 1275 4492; x_wconf 85' lang='lat' dir='ltr'>AEoli</span> <span class='ocrx_word' id='word_1_610' title='bbox 1284 4446 1309 4490; x_wconf 88' lang='lat' dir='ltr'>et</span> <span class='ocrx_word' id='word_1_611' title='bbox 1316 4440 1446 4491; x_wconf 81' lang='lat' dir='ltr'>Philodicae</span> <span class='ocrx_word' id='word_1_612' title='bbox 1454 4440 1510 4501; x_wconf 76' lang='lat' dir='ltr'>tilii,</span> <span class='ocrx_word' id='word_1_613' title='bbox 1520 4439 1631 4504; x_wconf 84' lang='lat' dir='ltr'>Hippius,</span> <span class='ocrx_word' id='word_1_614' title='bbox 1639 4438 1695 4488; x_wconf 89' lang='lat' dir='ltr'>licei</span> <span class='ocrx_word' id='word_1_615' title='bbox 1702 4436 1846 4501; x_wconf 72' lang='lat' dir='ltr'>peregrinus</span> 
     </span>
    </p>
   </div>
   <div class='ocr_carea' id='block_1_28' title="bbox 971 4506 1845 4576">
    <p class='ocr_par' dir='ltr' id='par_1_30' title="bbox 971 4506 1845 4576">
     <span class='ocr_line' id='line_1_97' title="bbox 971 4506 1845 4576; baseline -0.007 -16"><span class='ocrx_word' id='word_1_616' title='bbox 971 4552 977 4560; x_wconf 91' lang='lat'><strong>.</strong></span> <span class='ocrx_word' id='word_1_617' title='bbox 1080 4528 1094 4562; x_wconf 88' lang='lat' dir='ltr'>a</span> <span class='ocrx_word' id='word_1_618' title='bbox 1106 4513 1211 4576; x_wconf 78' lang='lat' dir='ltr'>Sphinge</span> <span class='ocrx_word' id='word_1_619' title='bbox 1221 4514 1361 4575; x_wconf 88' lang='lat' dir='ltr'>peremptus</span> <span class='ocrx_word' id='word_1_620' title='bbox 1372 4516 1422 4573; x_wconf 86' lang='lat' dir='ltr'>est,</span> <span class='ocrx_word' id='word_1_621' title='bbox 1432 4510 1538 4561; x_wconf 80' lang='lat' dir='ltr'>Eioneus</span> <span class='ocrx_word' id='word_1_622' title='bbox 1547 4514 1627 4560; x_wconf 86' lang='lat' dir='ltr'>autem</span> <span class='ocrx_word' id='word_1_623' title='bbox 1637 4510 1668 4559; x_wconf 90' lang='lat' dir='ltr'>ab</span> <span class='ocrx_word' id='word_1_624' title='bbox 1680 4510 1805 4559; x_wconf 82' lang='lat' dir='ltr'>OEaomao</span> <span class='ocrx_word' id='word_1_625' title='bbox 1813 4506 1845 4553; x_wconf 85' lang='lat' dir='ltr'>si·</span> 
     </span>
    </p>
   </div>
   <div class='ocr_carea' id='block_1_29' title="bbox 1076 4578 1845 5200">
    <p class='ocr_par' dir='ltr' id='par_1_31' title="bbox 1076 4578 1845 5200">
     <span class='ocr_line' id='line_1_98' title="bbox 1080 4578 1845 4644; baseline -0.012 -12"><span class='ocrx_word' id='word_1_626' title='bbox 1080 4584 1169 4633; x_wconf 90' lang='lat' dir='ltr'>militer</span> <span class='ocrx_word' id='word_1_627' title='bbox 1179 4595 1208 4631; x_wconf 91' lang='lat' dir='ltr'>ac</span> <span class='ocrx_word' id='word_1_628' title='bbox 1223 4581 1296 4631; x_wconf 87' lang='lat' dir='ltr'>ceteri</span> <span class='ocrx_word' id='word_1_629' title='bbox 1312 4580 1378 4643; x_wconf 90' lang='lat' dir='ltr'>proci</span> <span class='ocrx_word' id='word_1_630' title='bbox 1389 4579 1582 4644; x_wconf 73' lang='lat' dir='ltr'>Hippodamiae.</span> <span class='ocrx_word' id='word_1_631' title='bbox 1603 4578 1676 4630; x_wconf 84' lang='lat' dir='ltr'>Laius</span> <span class='ocrx_word' id='word_1_632' title='bbox 1693 4578 1778 4627; x_wconf 88' lang='lat' dir='ltr'>auctor</span> <span class='ocrx_word' id='word_1_633' title='bbox 1791 4579 1845 4625; x_wconf 86' lang='lat' dir='ltr'>erat</span> 
     </span>
     <span class='ocr_line' id='line_1_99' title="bbox 1079 4646 1844 4715; baseline -0.01 -12"><span class='ocrx_word' id='word_1_634' title='bbox 1079 4652 1176 4703; x_wconf 80' lang='lat' dir='ltr'>nefandi</span> <span class='ocrx_word' id='word_1_635' title='bbox 1191 4653 1280 4701; x_wconf 87' lang='lat' dir='ltr'>amoris</span> <span class='ocrx_word' id='word_1_636' title='bbox 1293 4651 1373 4712; x_wconf 72' lang='lat' dir='ltr'>illius,</span> <span class='ocrx_word' id='word_1_637' title='bbox 1390 4652 1460 4714; x_wconf 84' lang='lat' dir='ltr'>cujus</span> <span class='ocrx_word' id='word_1_638' title='bbox 1471 4651 1563 4715; x_wconf 87' lang='lat' dir='ltr'>pudore</span> <span class='ocrx_word' id='word_1_639' title='bbox 1579 4648 1731 4712; x_wconf 78' lang='lat' dir='ltr'>Chrysippus</span> <span class='ocrx_word' id='word_1_640' title='bbox 1747 4658 1774 4696; x_wconf 79' lang='lat' dir='ltr'>se</span> <span class='ocrx_word' id='word_1_641' title='bbox 1790 4646 1844 4709; x_wconf 84' lang='lat' dir='ltr'>ipse</span> 
     </span>
     <span class='ocr_line' id='line_1_100' title="bbox 1078 4716 1842 4786; baseline -0.013 -14"><span class='ocrx_word' id='word_1_642' title='bbox 1078 4723 1156 4786; x_wconf 85' lang='lat' dir='ltr'>gladio</span> <span class='ocrx_word' id='word_1_643' title='bbox 1167 4721 1281 4771; x_wconf 74' lang='lat' dir='ltr'>confodit.</span> <span class='ocrx_word' id='word_1_644' title='bbox 1293 4724 1363 4771; x_wconf 85' lang='grc' dir='ltr'>Τυιιο</span> <span class='ocrx_word' id='word_1_645' title='bbox 1377 4721 1450 4783; x_wconf 77' lang='lat' dir='ltr'>igitur</span> <span class='ocrx_word' id='word_1_646' title='bbox 1460 4722 1563 4771; x_wconf 87' lang='lat' dir='ltr'>Tiresias</span> <span class='ocrx_word' id='word_1_647' title='bbox 1574 4723 1642 4771; x_wconf 89' lang='lat' dir='ltr'>vates</span> <span class='ocrx_word' id='word_1_648' title='bbox 1653 4716 1748 4777; x_wconf 73' lang='lat' dir='ltr'>buum,</span> <span class='ocrx_word' id='word_1_649' title='bbox 1765 4727 1842 4779; x_wconf 82' lang='lat' dir='ltr'>qoem</span> 
     </span>
     <span class='ocr_line' id='line_1_101' title="bbox 1079 4784 1843 4853; baseline -0.009 -13"><span class='ocrx_word' id='word_1_650' title='bbox 1079 4793 1171 4842; x_wconf 79' lang='lat' dir='ltr'>rideret</span> <span class='ocrx_word' id='word_1_651' title='bbox 1195 4791 1243 4842; x_wconf 87' lang='lat' dir='ltr'>diis</span> <span class='ocrx_word' id='word_1_652' title='bbox 1258 4804 1361 4841; x_wconf 84' lang='lat' dir='ltr'>exosum</span> <span class='ocrx_word' id='word_1_653' title='bbox 1384 4803 1458 4853; x_wconf 86' lang='lat' dir='ltr'>esse,</span> <span class='ocrx_word' id='word_1_654' title='bbox 1477 4789 1648 4842; x_wconf 86' lang='lat' dir='ltr'>dehortabatur</span> <span class='ocrx_word' id='word_1_655' title='bbox 1662 4787 1693 4839; x_wconf 86' lang='lat' dir='ltr'>ab</span> <span class='ocrx_word' id='word_1_656' title='bbox 1709 4784 1797 4837; x_wconf 78' lang='lat' dir='ltr'>itinera</span> <span class='ocrx_word' id='word_1_657' title='bbox 1812 4784 1843 4833; x_wconf 81' lang='lat' dir='ltr'>ad</span> 
     </span>
     <span class='ocr_line' id='line_1_102' title="bbox 1077 4859 1842 4925; baseline -0.012 -13"><span class='ocrx_word' id='word_1_658' title='bbox 1077 4862 1211 4924; x_wconf 78' lang='lat' dir='ltr'>spoiiinem</span> <span class='ocrx_word' id='word_1_659' title='bbox 1222 4861 1383 4924; x_wconf 85' lang='lat' dir='ltr'>suscipiendo,</span> <span class='ocrx_word' id='word_1_660' title='bbox 1392 4864 1417 4910; x_wconf 87' lang='lat' dir='ltr'>et</span> <span class='ocrx_word' id='word_1_661' title='bbox 1426 4860 1518 4910; x_wconf 79' lang='lat' dir='ltr'>iunoni</span> <span class='ocrx_word' id='word_1_662' title='bbox 1526 4862 1617 4925; x_wconf 87' lang='lat' dir='ltr'>potius,</span> <span class='ocrx_word' id='word_1_663' title='bbox 1629 4859 1771 4924; x_wconf 81' lang='lat' dir='ltr'>nuptiarum</span> <span class='ocrx_word' id='word_1_664' title='bbox 1781 4867 1842 4918; x_wconf 60' lang='lat' dir='ltr'>prae</span> 
     </span>
     <span class='ocr_line' id='line_1_103' title="bbox 1078 4924 1840 4994; baseline -0.009 -14"><span class='ocrx_word' id='word_1_665' title='bbox 1078 4932 1124 4980; x_wconf 85' lang='lat' dir='ltr'>sidi</span> <span class='ocrx_word' id='word_1_666' title='bbox 1137 4931 1197 4991; x_wconf 86' lang='lat' dir='ltr'>deae,</span> <span class='ocrx_word' id='word_1_667' title='bbox 1208 4944 1278 4981; x_wconf 87' lang='lat' dir='ltr'>saera</span> <span class='ocrx_word' id='word_1_668' title='bbox 1291 4930 1367 4981; x_wconf 85' lang='lat' dir='ltr'>tacere</span> <span class='ocrx_word' id='word_1_669' title='bbox 1378 4930 1487 4994; x_wconf 72' lang='lat' dir='ltr'>iubebat.</span> <span class='ocrx_word' id='word_1_670' title='bbox 1500 4933 1533 4981; x_wconf 83' lang='lat' dir='ltr'>tt</span> <span class='ocrx_word' id='word_1_671' title='bbox 1543 4931 1583 4980; x_wconf 86' lang='lat' dir='ltr'>ilie</span> <span class='ocrx_word' id='word_1_672' title='bbox 1595 4932 1675 4980; x_wconf 77' lang='lat' dir='ltr'>ratem</span> <span class='ocrx_word' id='word_1_673' title='bbox 1685 4924 1840 4988; x_wconf 69' lang='grc' dir='ltr'>οουῑειοῐειο</span> 
     </span>
     <span class='ocr_line' id='line_1_104' title="bbox 1076 4995 1841 5075; baseline -0.013 -24"><span class='ocrx_word' id='word_1_674' title='bbox 1076 5006 1160 5064; x_wconf 84' lang='lat' dir='ltr'>ltaque</span> <span class='ocrx_word' id='word_1_675' title='bbox 1175 5002 1296 5075; x_wconf 75' lang='lat' dir='ltr'>proiectus</span> <span class='ocrx_word' id='word_1_676' title='bbox 1316 5002 1341 5050; x_wconf 88' lang='lat' dir='ltr'>in</span> <span class='ocrx_word' id='word_1_677' title='bbox 1352 5002 1392 5052; x_wconf 84' lang='lat' dir='ltr'>via</span> <span class='ocrx_word' id='word_1_678' title='bbox 1408 5001 1489 5051; x_wconf 80' lang='lat' dir='ltr'>trifida</span> <span class='ocrx_word' id='word_1_679' title='bbox 1502 5000 1624 5051; x_wconf 73' lang='lat' dir='ltr'>Phocidis</span> <span class='ocrx_word' id='word_1_680' title='bbox 1636 5012 1693 5049; x_wconf 86' lang='lat' dir='ltr'>cum</span> <span class='ocrx_word' id='word_1_681' title='bbox 1702 4995 1785 5057; x_wconf 77' lang='lat' dir='ltr'>auriga</span> <span class='ocrx_word' id='word_1_682' title='bbox 1795 5006 1841 5043; x_wconf 88' lang='lat' dir='ltr'>suo</span> 
     </span>
     <span class='ocr_line' id='line_1_105' title="bbox 1076 5063 1838 5134; baseline -0.007 -15"><span class='ocrx_word' id='word_1_683' title='bbox 1076 5072 1233 5121; x_wconf 85' lang='lat' dir='ltr'>obtruncatus</span> <span class='ocrx_word' id='word_1_684' title='bbox 1241 5073 1287 5131; x_wconf 88' lang='lat' dir='ltr'>est,</span> <span class='ocrx_word' id='word_1_685' title='bbox 1297 5073 1410 5134; x_wconf 80' lang='lat' dir='ltr'>quomam</span> <span class='ocrx_word' id='word_1_686' title='bbox 1421 5070 1514 5133; x_wconf 76' lang='lat' dir='ltr'>flagelio</span> <span class='ocrx_word' id='word_1_687' title='bbox 1523 5072 1673 5133; x_wconf 82' lang='lat' dir='ltr'>percusserat</span> <span class='ocrx_word' id='word_1_688' title='bbox 1681 5063 1838 5128; x_wconf 84' lang='lat' dir='ltr'>OEdipodem.</span> 
     </span>
     <span class='ocr_line' id='line_1_106' title="bbox 1076 5134 1842 5200; baseline -0.014 -10"><span class='ocrx_word' id='word_1_689' title='bbox 1076 5141 1124 5200; x_wconf 88' lang='lat' dir='ltr'>Qui</span> <span class='ocrx_word' id='word_1_690' title='bbox 1135 5142 1228 5191; x_wconf 87' lang='lat' dir='ltr'>occisos</span> <span class='ocrx_word' id='word_1_691' title='bbox 1239 5141 1320 5191; x_wconf 86' lang='lat' dir='ltr'>statim</span> <span class='ocrx_word' id='word_1_692' title='bbox 1332 5147 1394 5192; x_wconf 89' lang='lat' dir='ltr'>terra</span> <span class='ocrx_word' id='word_1_693' title='bbox 1405 5141 1486 5192; x_wconf 90' lang='lat' dir='ltr'>obruit</span> <span class='ocrx_word' id='word_1_694' title='bbox 1496 5154 1552 5191; x_wconf 85' lang='lat' dir='ltr'>oum</span> <span class='ocrx_word' id='word_1_695' title='bbox 1562 5136 1722 5193; x_wconf 69' lang='lat' dir='ltr'>saumatis.</span> <span class='ocrx_word' id='word_1_696' title='bbox 1734 5134 1787 5185; x_wconf 86' lang='lat' dir='ltr'>Laii</span> <span class='ocrx_word' id='word_1_697' title='bbox 1799 5145 1842 5181; x_wconf 78' lang='lat' dir='ltr'>aa·</span> 
     </span>
    </p>
   </div>
   <div class='ocr_carea' id='block_1_30' title="bbox 0 0 2004 5818">
    <p class='ocr_par' dir='ltr' id='par_1_32' title="bbox 0 0 2004 5818">
     <span class='ocr_line' id='line_1_107' title="bbox 0 0 2004 5818; baseline 0 6"><span class='ocrx_word' id='word_1_698' title='bbox 0 0 2004 5818; x_wconf 95' lang='lat' dir='ltr'> </span> 
     </span>
    </p>
   </div>
  </div>
 </body>
</html>
