3992 5834
649 599 1164 742 PRAEFATIO.

296 1271 333 1337 ln
353 1265 425 1335 boc
449 1276 587 1360 septem
612 1272 803 1356 poetarum
826 1278 979 1351 corpore
1003 1252 1164 1323 Hesiodo
1188 1252 1423 1349 Apollonium
1439 1280 1481 1327 ac
1502 1259 1582 1329 Mu·

247 1416 357 1464 saeum
379 1385 654 1469 subiunximus,
672 1406 717 1452 ne
734 1380 959 1476 reliquorum
976 1392 1153 1473 quatuor,
1172 1377 1236 1473 qui
1257 1375 1302 1447 de
1325 1376 1433 1449 rebus
1443 1382 1582 1453 Troicis

248 1534 333 1591 sunt
347 1540 490 1602 omnes,
513 1513 797 1605 interrumpatur
813 1503 917 1576 ordo.
949 1503 1098 1587 Critica,
1118 1526 1228 1597 quam
1242 1517 1391 1592 vocant,
1418 1503 1583 1579 adbibita

248 1658 322 1714 arte
340 1664 452 1711 noras
474 1636 608 1707 borum
630 1646 819 1703 auctorum
840 1626 1073 1697 recensiones
1090 1622 1289 1695 exhibendi
1304 1624 1453 1697 sortasse
1473 1629 1551 1701 nes
1570 1672 1584 1686 ·

249 1765 363 1836 cultas
382 1760 531 1860 quidem
553 1758 696 1844 luisset,
714 1751 908 1824 consilium
934 1763 1031 1820 certe
1050 1773 1124 1817 non
1146 1762 1234 1818 erat.
1273 1747 1442 1843 Religiosi
1463 1768 1585 1825 autem

250 1888 399 1961 editoris
419 1908 497 1955 esse
512 1881 740 1980 putarimus,
769 1877 806 1946 in
830 1899 938 1945 usum
955 1897 1063 1943 suum
1083 1887 1311 1961 convertere,
1335 1873 1473 1970 siquid
1495 1875 1585 1950 boui

251 2028 358 2110 atque
372 2006 556 2080 emendati
575 2004 737 2074 uirorum
754 1999 946 2070 doctorum
965 1997 1040 2067 sive
1057 1995 1220 2092 ingenio,
1238 1997 1313 2068 sive
1329 1996 1452 2069 studio
1470 2024 1587 2098 nuper

252 2136 434 2207 detectum
460 2128 649 2201 invenerit.
682 2128 772 2211 Quae
790 2122 916 2193 messis
940 2120 1058 2218 poetis
1082 2120 1216 2190 nostris
1239 2118 1338 2191 baud
1357 2147 1486 2219 parcos
1505 2123 1586 2195 red·

252 2257 345 2330 didit
367 2256 517 2328 fructus.
561 2254 645 2337 Quo
667 2248 800 2319 lactum
822 2260 894 2334 est,
915 2259 958 2315 ut
976 2269 1122 2331 omnes,
1153 2242 1221 2312 uisi
1249 2243 1340 2314 sorte
1356 2248 1506 2317 Tzetzen
1531 2274 1588 2319 ex·

254 2383 372 2479 cipere
392 2378 499 2467 velis,
518 2373 708 2473 permultis
727 2371 816 2441 locis
839 2369 1003 2457 correcti,
1027 2367 1158 2464 partim
1186 2390 1319 2437 novam
1341 2369 1448 2465 plane
1467 2371 1587 2444 induti

255 2506 431 2604 speciem,
465 2504 502 2574 in
533 2501 651 2572 lucem
679 2495 875 2594 prodeant,
907 2492 1137 2591 plurimaque
1167 2489 1239 2561 dici
1266 2492 1425 2588 possint,
1454 2495 1589 2591 quibus

257 2630 396 2717 multa,
429 2652 519 2724 quas
543 2625 763 2721 recepimus,
792 2619 967 2690 lectiones
992 2616 1233 2714 explicentur,
1265 2616 1451 2688 nonnullae
1471 2617 1592 2691 delen·

256 2755 401 2841 dantur,
423 2764 640 2822 excusentur
659 2772 732 2818 uon
751 2769 885 2842 paucae.
914 2746 964 2813 Ne
985 2757 1104 2813 tamen
1123 2739 1289 2831 modum,
1309 2741 1373 2838 qui
1388 2742 1591 2839 praelationi

257 2876 430 2949 constitui
446 2874 552 2961 solet,
585 2888 832 2957 transeamus,
855 2866 901 2937 de
919 2865 1070 2961 siugulis
1089 2865 1355 2937 mutationibus
1375 2866 1411 2935 in
1429 2865 1591 2939 editione

259 3018 381 3074 nostra
396 2999 514 3071 obviis
534 2998 648 3068 sosius
663 2995 837 3066 disserere
855 2989 1191 3089 supersedebimus,
1208 3016 1298 3088 quas
1321 3016 1366 3061 ne
1380 3016 1592 3065 enumerare

259 3125 407 3224 quidem
437 3121 574 3211 licebit,
610 3120 680 3191 nisi
713 3118 778 3190 ubi
807 3117 843 3187 id
869 3131 930 3187 aut
958 3115 1084 3212 paucis
1111 3114 1398 3201 absolvendum,
1428 3131 1490 3187 aut
1515 3118 1593 3191 sine

261 3274 390 3345 magno
413 3248 589 3318 lectorum
617 3260 826 3314 nostrorum
848 3238 1086 3312 incommodo
1116 3263 1191 3309 non
1218 3237 1431 3311 evitandum
1458 3242 1594 3313 iudica·

262 3372 429 3442 rcrimus.

297 3493 574 3589 Gmttlingiauus
589 3495 737 3561 llssmot
755 3504 871 3559 textus
886 3488 1150 3585 quinquaginta
1167 3486 1440 3559 emendationes
1456 3489 1595 3560 inTbc·

261 3618 411 3713 ogonia,
432 3617 560 3713 viginti
576 3618 741 3714 quinque
761 3614 798 3683 in
826 3618 937 3685 Scuto
952 3611 1117 3682 Herculis
1143 3636 1163 3682 a
1190 3611 1298 3682 nobis
1325 3629 1483 3710 receptas
1498 3639 1595 3709 egre·

260 3743 326 3838 gire
345 3741 543 3813 Hermanni
568 3739 772 3811 recensioni
794 3738 847 3836 (in
867 3761 1013 3834 opuscc.
1050 3735 1120 3806 rol.
1147 3738 1203 3821 Vl,
1229 3760 1305 3831 pag.
1332 3739 1395 3820 142
1418 3738 1513 3834 sqq.)
1533 3737 1595 3807 de·

262 3865 333 3937 bet.
361 3869 483 3952 Quum
502 3864 548 3936 de
560 3865 678 3962 prisca
698 3861 914 3957 Tlreogoniae
936 3861 1050 3931 lorum
1072 3858 1333 3954 lrodieruaeque
1353 3860 1491 3951 origine
1505 3859 1595 3931 nibil

262 4001 403 4062 constet
417 3989 488 4087 (t),
509 4014 632 4061 versus
656 3987 883 4081 longioresre
898 3985 999 4056 locos
1024 3999 1279 4081 transponere,
1298 3983 1486 4081 quomodo
1511 3991 1598 4058 ller-

263 4137 418 4183 mannus
435 4111 495 4182 bic
513 4111 586 4182 illic
601 4108 807 4181 sacimdum
824 4108 942 4197 docet,
957 4110 1035 4179 ausi
1049 4134 1124 4180 non
1139 4132 1277 4199 sumus,
1291 4107 1354 4180 sed
1367 4109 1453 4179 satis
1468 4108 1598 4182 babui-

263 4259 343 4306 mus
357 4238 462 4307 uncis
482 4233 684 4324 includere,
702 4260 800 4333 qnae,
823 4260 898 4332 quo
920 4233 1001 4304 loco
1021 4231 1132 4304 hodie
1152 4233 1336 4329 leguntur,
1358 4235 1528 4305 carminis
1549 4253 1599 4307 te·

264 4384 390 4431 norem
408 4361 702 4458 interrumpunt,
720 4361 794 4429 sire
807 4358 1059 4455 dispositionis
1077 4357 1256 4430 hodierna
1272 4360 1506 4456 antiquioris,
1525 4360 1599 4431 sire

265 4483 441 4555 variarum
456 4485 728 4573 recensionum,
741 4484 815 4553 sive
832 4481 1154 4579 interpolatiouum
1171 4482 1317 4577 vestigia
1332 4482 1416 4553 sint.
1432 4481 1538 4570 Quod
1554 4480 1599 4553 ad

303 4795 345 4875 (ι)
366 4798 545 4871 Miitzellius,
559 4818 645 4877 quem
669 4796 758 4857 bisin
773 4795 877 4855 studiis
892 4808 985 4855 totum
1006 4816 1068 4855 esse
1091 4795 1144 4854 viri
1159 4794 1240 4854 docti
1255 4814 1314 4854 non
1333 4795 1488 4874 ignorant,
1500 4796 1530 4854 in
1548 4816 1598 4856 re·

264 4901 398 4961 censione
416 4902 517 4980 libelli,
531 4905 561 4963 in
577 4925 636 4984 quo
653 4903 818 4965 Soetbeerus
832 4902 951 4983 quidam
966 4924 1018 4962 sua
1033 4902 1218 4982 Gruppiique
1238 4901 1351 4960 somnia
1373 4900 1411 4960 de
1427 4901 1598 4983 primigenia

265 5007 441 5088 Theogoniae
453 5012 550 5090 specie
565 5010 677 5091 publici
688 5011 766 5092 juris
784 5012 851 5071 lecit
867 5011 1046 5091 (Zimmerm.
1060 5010 1205 5088 ephemm.
1223 5030 1248 5069 a.
1268 5008 1356 5087 1838,
1370 5029 1450 5068 oum,
1466 5009 1601 5091 rosqq.),

267 5112 430 5194 philologia
445 5118 594 5179 hodiernae
609 5121 683 5180 rircs
696 5119 860 5180 difficultati
874 5118 962 5177 huius
977 5117 1143 5197 quaestionis
1158 5138 1240 5196 pares
1258 5137 1320 5177 esse
1337 5130 1430 5196 negat.

1441 5255 1455 5283 d

922 5355 1182 5450 touta
