3992 5834
397 388 457 442 tm
940 363 1157 427 PllAEfA'llo.

398 532 497 597 mus,
514 529 631 603 neque
650 518 768 575 tamen
787 516 859 590 eas,
875 524 964 597 quas
984 523 1088 594 sagax
1107 497 1175 570 viri
1191 500 1320 596 egregii
1341 500 1530 597 ingenium
1553 501 1730 596 excogita.-

399 633 461 722 rit,
475 625 576 727 quod
586 626 733 722 antiqua
752 623 860 694 lectio
871 620 1000 718 putida
1009 636 1114 711 esset,
1127 622 1236 692 nimis
1245 621 1426 717 languida,
1440 624 1561 694 minus
1575 623 1728 721 elegans,

397 772 465 829 etc.
483 754 692 826 Aliasetiam
708 749 903 822 nonnullas
916 750 1142 821 coniecturas
1154 774 1229 821 non
1239 750 1463 848 recipiendas
1476 751 1729 843 iudicavimus,

400 903 439 959 ut
451 912 483 957 v,
500 912 552 984 17,
568 894 659 971 τοῖσι,
677 885 763 982 qnia
780 897 864 954 ante
876 881 977 953 hunc
993 904 1139 952 versum
1159 881 1299 978 aliquid
1311 881 1485 954 excidisse
1503 882 1729 980 probabilius

400 1010 506 1083 nobis
527 1007 690 1095 videtur,
711 1031 792 1103 quae
810 1005 970 1102 suspicio
993 1003 1031 1074 in
1052 1001 1109 1075 his
1132 1004 1302 1076 carminis
1322 1005 1543 1077 centonibus
1563 1005 1731 1078 facillime

401 1149 576 1205 movetur.
592 1137 633 1202 ln
653 1132 715 1219 iis,
737 1154 818 1227 quae
834 1133 1062 1198 Hermannus
1078 1125 1123 1197 de
1142 1152 1175 1197 v.
1189 1126 1237 1213 46
1253 1152 1332 1225 sqq.
1349 1127 1521 1226 disputat,
1535 1128 1626 1199 illud
1636 1144 1732 1201 certe

400 1292 525 1338 rerum
539 1280 604 1355 est,
614 1262 788 1358 Lennepii
809 1265 894 1357 εὐρέα
911 1260 1076 1367 ineptum
1099 1282 1194 1348 esse,
1215 1258 1259 1330 de
1281 1260 1429 1356 reliquis
1447 1284 1550 1350 vern,
1576 1285 1658 1357 quae
1671 1260 1732 1332 ad-

400 1390 465 1479 dit,
481 1389 587 1485 longe
602 1386 704 1457 aliter
718 1384 906 1455 sentimus.
936 1380 1077 1478 siquid
1094 1381 1139 1452 de
1155 1397 1282 1453 nostro
1297 1384 1485 1455 intextum
1501 1383 1733 1464 introducere

401 1520 655 1607 voluissemus,
674 1514 743 1596 ὀξέα
761 1515 1040 1612 scripsissemus.
1060 1515 1131 1599 Qui
1155 1538 1240 1584 cum
1263 1518 1473 1586 Hermanno
1498 1517 1536 1586 in
1563 1532 1732 1614 corrupta

402 1652 540 1747 vulgata
554 1649 764 1745 codicisque
784 1646 999 1730 Mutinensis
1020 1645 1175 1717 lectione
1191 1671 1319 1717 vocem
1332 1643 1424 1731 οὖδας
1440 1672 1632 1743 agnoscere
1645 1652 1733 1743 vult,

402 1785 431 1854 is
453 1782 624 1854 coniiciat
651 1796 795 1878 poetam
824 1778 1010 1876 scripsisse
1044 1772 1137 1860 οὖδας
1158 1777 1322 1875 ἄκαμπτον
1341 1794 1404 1850 aut
1418 1779 1565 1877 ἄκαρπον.
1604 1784 1734 1879 Spatiis

401 1906 489 1995 illis,
506 1930 587 2002 quae
609 1904 704 1974 inter
724 1901 817 1973 duos
838 1925 962 1971 versus
978 1900 1112 1998 passim
1133 1899 1246 1989 vides,
1265 1900 1412 1973 lacunas
1435 1902 1676 1975 indicavimus
1696 1906 1733 1975 in

401 2029 473 2100 boc
489 2041 666 2127 poemate,
681 2025 801 2096 verius
821 2023 965 2114 dixeris,
988 2025 1026 2094 in
1040 2023 1098 2094 lris
1113 2024 1290 2121 poematis
1307 2024 1515 2121 fragmentis
1534 2052 1610 2098 non
1626 2052 1734 2099 raras.

449 2155 581 2236 Qumrr
594 2162 732 2219 textum
749 2147 856 2244 plane
874 2171 1011 2217 novum
1024 2145 1222 2217 lectoribus
1240 2149 1374 2218 nostris
1394 2148 1581 2219 tradimus.
1602 2154 1736 2236 Quam·

402 2298 510 2371 quam
532 2272 594 2345 hic
612 2287 719 2370 poeta
735 2271 888 2342 alterurn
904 2269 1212 2342 Rhodomannum
1230 2270 1361 2342 frustra
1374 2271 1496 2344 adhuc
1514 2273 1735 2370 expectabat,

402 2423 568 2495 novaque
586 2396 768 2485 editione,
790 2420 900 2494 quam
919 2395 1149 2492 Spitznerum
1164 2393 1436 2491 et·Koechlyum
1460 2398 1667 2470 coniunctis
1684 2401 1735 2470 vi·

402 2522 503 2593 ribus
522 2545 645 2618 parare
659 2520 870 2617 accipimus,
890 2542 1107 2616 magnopere
1121 2515 1270 2612 indiget,
1291 2535 1412 2589 tamen
1429 2520 1573 2614 triginta
1589 2521 1736 2595 duobus

401 2645 459 2715 his
477 2646 583 2714 annis
608 2659 693 2741 post
717 2642 907 2738 Tychsenii
934 2641 1133 2712 editionem
1156 2666 1285 2737 magna
1304 2642 1417 2714 moles
1436 2645 1735 2716 emendationum

402 2893 580 2983 invenies,
603 2918 684 2990 quae
705 2890 1015 2979 Rhodomannus,
1041 2888 1132 2961 adeo
1156 2892 1319 2962 Pauwius
1344 2909 1437 2962 recte
1462 2892 1609 2981 viderat,
1624 2893 1737 2990 Tych-

402 3018 524 3087 senius
543 3017 708 3112 neglexit.
723 3021 813 3086 Ecce
836 3013 1010 3105 subsidia,
1037 3013 1172 3111 quibus
1189 3017 1356 3086 instructi
1379 3015 1739 3090 Posthomericorum

403 3154 540 3211 textum
556 3139 815 3210 recensuimus.
832 3136 944 3207 Multa
960 3137 1098 3233 egregia
1119 3137 1157 3207 in
1175 3138 1373 3208 Her-manni
1395 3137 1565 3234 Orplricis
1588 3139 1737 3232 insunt,

403 3262 580 3333 nonnulla
601 3262 702 3331 utilia
715 3262 751 3331 in
764 3258 963 3331 Wernickii
978 3259 1241 3332 commentario
1249 3259 1294 3329 ad
1305 3258 1609 3356 Trypbiodorum,
1624 3262 1738 3335 multa

402 3385 498 3458 bona
511 3388 547 3456 in
560 3386 738 3483 Spitzneri
749 3383 1064 3456 observationibus
1078 3385 1116 3454 in
1126 3385 1306 3470 Quintum
1319 3383 1364 3454 ad
1374 3384 1508 3455 calcem
1520 3385 1616 3477 libri,
1627 3412 1737 3483 quem

402 3510 444 3579 tle
458 3536 565 3580 versu
578 3514 779 3580 Groecorum
793 3506 933 3578 heroico
951 3509 1106 3604 scripsit,
1123 3533 1222 3578 anno
1242 3486 1332 3577 1816
1351 3505 1469 3577 editis.
1486 3506 1657 3580 Eiusdem
1678 3535 1739 3582 au-

403 3634 512 3704 ctoris
525 3632 802 3702 observationum
811 3635 848 3702 r'n
861 3633 984 3726 Quinti
993 3630 1257 3701 Postltomerr'ca
1266 3630 1439 3727 particula
1447 3632 1568 3727 prima
1578 3646 1614 3704 et
1629 3633 1736 3705 altera

403 3755 600 3850 Vitebergae
619 3780 649 3825 a.
677 3752 766 3825 1815
784 3753 1021 3851 prodierunt,
1047 3754 1151 3824 tertia
1174 3778 1271 3824 anno
1297 3753 1385 3850 1837
1403 3755 1441 3825 in
1454 3756 1737 3828 Zimmermannr

402 3876 699 3973 ephemeridibus
716 3877 833 3973 (num.
862 3876 927 3962 143
944 3901 1036 3974 sqq,
1054 3901 1132 3973 pag.
1152 3875 1238 3947 1161
1263 3876 1359 3972 sqq.)
1378 3875 1444 3973 (r),
1463 3892 1656 3975 postquam
1674 3884 1739 3950 Bn-

403 4001 484 4072 nitii
500 4001 670 4094 ssnrbolae
681 4003 858 4071 critr'coet'n
874 4002 1043 4091 (licentum
1058 4002 1277 4095 Smyrnaeum
1292 3998 1429 4069 ibidem
1444 4026 1542 4072 anno
1562 4000 1653 4074 1836
1674 4027 1742 4100 pu·

404 4123 488 4194 blici
499 4124 590 4220 juris
612 4124 709 4194 lactae
726 4139 822 4194 sunt.
845 4123 1013 4195 Struvius
1040 4124 1077 4193 in
1098 4123 1349 4220 compluribus
1366 4124 1575 4197 libellorum
1600 4102 1738 4199 schola·

404 4248 590 4337 sticorum,
601 4273 694 4344 quos
705 4249 800 4318 inter
812 4272 953 4318 annum
970 4248 1060 4345 1817
1072 4263 1106 4318 et
1121 4247 1209 4318 1822
1221 4249 1736 4347 Regimontiiedidit,egregias

402 4371 528 4453 Quinti
548 4370 819 4441 emendationes
835 4372 1026 4467 proposuit
1043 4369 1109 4468 (a).
1124 4371 1337 4443 Glasewaldi
1354 4376 1579 4444 corner-tanea
1599 4376 1637 4445 in
1652 4400 1740 4471 poe·

444 4611 483 4692 (r)
505 4613 674 4690 Spitznerns
689 4634 804 4686 omnes,
817 4634 889 4692 quas
903 4612 939 4673 de
961 4613 1072 4686 Quinto
1088 4614 1218 4693 scripsit,
1233 4614 1449 4677 observationes
1463 4618 1493 4676 in
1515 4635 1573 4675 uno
1590 4618 1736 4678 volumine

403 4719 570 4777 coniunctus
588 4721 755 4797 nuperrime
769 4720 869 4779 edidit.

444 4820 485 4900 (ο)
500 4824 566 4894 Quo
590 4824 701 4883 rariora
719 4826 779 4885 haec
800 4826 911 4886 Strurii
937 4828 1076 4906 opuscula
1093 4839 1161 4885 sunt
1182 4840 1345 4906 paratuque
1362 4827 1539 4902 difficiliora,
1561 4830 1735 4913 commores

402 4926 507 5004 gratias
522 4928 644 4988 lectores
659 4931 749 4989 nostri
763 4931 913 4991 habebunt
927 4933 988 4991 viro
1003 4932 1159 4991 clarissimo
1174 4947 1203 4991 et
1213 4934 1421 4993 humanissimo
1435 4938 1471 4992 de
1482 4937 1594 5011 Sinner,
1605 4936 1680 5015 quie
1692 4936 1735 4996 bi·

403 5031 560 5109 bliotheca,
574 5057 659 5113 (quam
672 5036 759 5096 habet
774 5040 940 5116 opulentam
958 5052 1044 5117 atque
1061 5039 1241 5117 exquisitam,
1254 5041 1392 5116 integram
1402 5039 1519 5098 illorum
1533 5040 1734 5101 collectionem

403 5139 551 5199 uobiscum
564 5145 796 5202 communicarit.
