<?xml version="1.0" encoding="UTF-8"?>
<!DOCTYPE html PUBLIC "-//W3C//DTD XHTML 1.0 Transitional//EN"
    "http://www.w3.org/TR/xhtml1/DTD/xhtml1-transitional.dtd">
<html xmlns="http://www.w3.org/1999/xhtml" xml:lang="en" lang="en">
 <head>
  <title>
</title>
<meta http-equiv="Content-Type" content="text/html;charset=utf-8" />
  <meta name='ocr-system' content='tesseract 3.04.00' />
  <meta name='ocr-capabilities' content='ocr_page ocr_carea ocr_par ocr_line ocrx_word'/>
</head>
<body>
  <div class='ocr_page' id='page_1' title='image "./hesiodicarmina03hesigoog/hesiodicarmina03hesigoog_0581.png"; bbox 0 0 3998 5818; ppageno 0'>
   <div class='ocr_carea' id='block_1_1' title="bbox 288 332 1304 414">
    <p class='ocr_par' dir='ltr' id='par_1_1' title="bbox 288 332 1304 414">
     <span class='ocr_line' id='line_1_1' title="bbox 288 332 1304 414; baseline -0.01 -9"><span class='ocrx_word' id='word_1_1' title='bbox 288 361 324 414; x_wconf 66' lang='grc' dir='ltr'>να</span> <span class='ocrx_word' id='word_1_2' title='bbox 857 335 1034 399; x_wconf 84' lang='lat' dir='ltr'>CHOERlLl</span> <span class='ocrx_word' id='word_1_3' title='bbox 1055 332 1304 396; x_wconf 72' lang='lat' dir='ltr'>FRAGMENTA.</span> 
     </span>
    </p>
   </div>
   <div class='ocr_carea' id='block_1_2' title="bbox 287 462 1884 2671">
    <p class='ocr_par' dir='ltr' id='par_1_2' title="bbox 287 462 1884 2671">
     <span class='ocr_line' id='line_1_2' title="bbox 287 462 1878 548; baseline -0.009 -8"><span class='ocrx_word' id='word_1_4' title='bbox 287 478 471 539; x_wconf 86' lang='lat' dir='ltr'>droaSamiis</span> <span class='ocrx_word' id='word_1_5' title='bbox 481 474 571 534; x_wconf 81' lang='lat' dir='ltr'>habiti</span> <span class='ocrx_word' id='word_1_6' title='bbox 581 484 656 534; x_wconf 90' lang='lat' dir='ltr'>sunt.</span> <span class='ocrx_word' id='word_1_7' title='bbox 668 472 787 548; x_wconf 72' lang='lat' dir='ltr'>altaque</span> <span class='ocrx_word' id='word_1_8' title='bbox 797 469 934 527; x_wconf 88' lang='lat' dir='ltr'>circahoc</span> <span class='ocrx_word' id='word_1_9' title='bbox 944 480 1056 546; x_wconf 86' lang='lat' dir='ltr'>tempus</span> <span class='ocrx_word' id='word_1_10' title='bbox 1137 465 1180 524; x_wconf 84' lang='lat' dir='ltr'>lle</span> <span class='ocrx_word' id='word_1_11' title='bbox 1194 463 1307 523; x_wconf 82' lang='lat' dir='ltr'>Choerili</span> <span class='ocrx_word' id='word_1_12' title='bbox 1321 462 1455 534; x_wconf 79' lang='lat' dir='ltr'>dictione,</span> <span class='ocrx_word' id='word_1_13' title='bbox 1466 482 1543 522; x_wconf 82' lang='lat' dir='ltr'>novo</span> <span class='ocrx_word' id='word_1_14' title='bbox 1556 463 1586 522; x_wconf 92' lang='lat' dir='ltr'>in</span> <span class='ocrx_word' id='word_1_15' title='bbox 1601 463 1681 542; x_wconf 86' lang='lat' dir='ltr'>epica</span> <span class='ocrx_word' id='word_1_16' title='bbox 1691 466 1770 542; x_wconf 81' lang='lat' dir='ltr'>poesi</span> <span class='ocrx_word' id='word_1_17' title='bbox 1784 482 1878 545; x_wconf 72' lang='lat' dir='ltr'>argus</span> 
     </span>
     <span class='ocr_line' id='line_1_3' title="bbox 289 550 1874 647; baseline -0.006 -24"><span class='ocrx_word' id='word_1_18' title='bbox 289 570 335 647; x_wconf 68' lang='lat' dir='ltr'>[ol.</span> <span class='ocrx_word' id='word_1_19' title='bbox 350 570 398 644; x_wconf 78' lang='lat'>93,</span> <span class='ocrx_word' id='word_1_20' title='bbox 414 576 429 635; x_wconf 85' lang='grc'><strong>4</strong></span> <span class='ocrx_word' id='word_1_21' title='bbox 448 577 476 624; x_wconf 89' lang='lat' dir='ltr'>et</span> <span class='ocrx_word' id='word_1_22' title='bbox 492 572 540 641; x_wconf 98' lang='grc'><strong>94,</strong></span> <span class='ocrx_word' id='word_1_23' title='bbox 565 559 590 640; x_wconf 87' lang='lat'>1)</span> <span class='ocrx_word' id='word_1_24' title='bbox 606 579 670 620; x_wconf 89' lang='lat' dir='ltr'>cum</span> <span class='ocrx_word' id='word_1_25' title='bbox 698 556 845 634; x_wconf 84' lang='lat' dir='ltr'>Lysandro</span> <span class='ocrx_word' id='word_1_26' title='bbox 862 568 989 613; x_wconf 90' lang='lat' dir='ltr'>versatus</span> <span class='ocrx_word' id='word_1_27' title='bbox 1014 566 1057 612; x_wconf 88' lang='lat' dir='ltr'>est</span> <span class='ocrx_word' id='word_1_28' title='bbox 1097 565 1205 626; x_wconf 89' lang='lat' dir='ltr'>mento,</span> <span class='ocrx_word' id='word_1_29' title='bbox 1216 552 1360 611; x_wconf 89' lang='lat' dir='ltr'>Perseidis</span> <span class='ocrx_word' id='word_1_30' title='bbox 1376 550 1488 610; x_wconf 89' lang='lat' dir='ltr'>ambitu</span> <span class='ocrx_word' id='word_1_31' title='bbox 1502 550 1617 611; x_wconf 83' lang='lat' dir='ltr'>Naelrius</span> <span class='ocrx_word' id='word_1_32' title='bbox 1635 571 1670 610; x_wconf 88' lang='lat' dir='ltr'>ex</span> <span class='ocrx_word' id='word_1_33' title='bbox 1695 554 1874 614; x_wconf 70' lang='lat' dir='ltr'>tenuissimis</span> 
     </span>
     <span class='ocr_line' id='line_1_4' title="bbox 288 640 1877 720; baseline -0.009 -4"><span class='ocrx_word' id='word_1_34' title='bbox 288 656 433 717; x_wconf 76' lang='lat' dir='ltr'>cherilus.</span> <span class='ocrx_word' id='word_1_35' title='bbox 501 654 572 713; x_wconf 81' lang='lat' dir='ltr'>lure</span> <span class='ocrx_word' id='word_1_36' title='bbox 593 667 663 708; x_wconf 83' lang='lat' dir='ltr'>vero</span> <span class='ocrx_word' id='word_1_37' title='bbox 686 645 816 717; x_wconf 79' lang='lat' dir='ltr'>dubites,</span> <span class='ocrx_word' id='word_1_38' title='bbox 839 664 875 701; x_wconf 90' lang='lat' dir='ltr'>an</span> <span class='ocrx_word' id='word_1_39' title='bbox 904 664 963 700; x_wconf 91' lang='lat' dir='ltr'>non</span> <span class='ocrx_word' id='word_1_40' title='bbox 982 643 1057 700; x_wconf 89' lang='lat' dir='ltr'>ultra</span> <span class='ocrx_word' id='word_1_41' title='bbox 1097 661 1162 719; x_wconf 86' lang='lat' dir='ltr'>quae</span> <span class='ocrx_word' id='word_1_42' title='bbox 1182 654 1335 720; x_wconf 83' lang='lat' dir='ltr'><strong>supersunt</strong></span> <span class='ocrx_word' id='word_1_43' title='bbox 1352 640 1462 701; x_wconf 90' lang='lat' dir='ltr'>indiciis</span> <span class='ocrx_word' id='word_1_44' title='bbox 1476 640 1620 719; x_wconf 80' lang='lat' dir='ltr'><strong>eleganter</strong></span> <span class='ocrx_word' id='word_1_45' title='bbox 1636 652 1664 698; x_wconf 88' lang='lat' dir='ltr'>et</span> <span class='ocrx_word' id='word_1_46' title='bbox 1680 641 1877 719; x_wconf 68' lang='lat' dir='ltr'>probabiliter</span> 
     </span>
     <span class='ocr_line' id='line_1_5' title="bbox 289 730 1876 823; baseline -0.007 -21"><span class='ocrx_word' id='word_1_47' title='bbox 289 742 458 823; x_wconf 82' lang='lat' dir='ltr'>olympiadis</span> <span class='ocrx_word' id='word_1_48' title='bbox 486 750 523 817; x_wconf 91' lang='grc'><strong>94</strong></span> <span class='ocrx_word' id='word_1_49' title='bbox 545 759 651 798; x_wconf 89' lang='lat' dir='ltr'>annum</span> <span class='ocrx_word' id='word_1_50' title='bbox 680 735 804 813; x_wconf 89' lang='lat' dir='ltr'>primum</span> <span class='ocrx_word' id='word_1_51' title='bbox 823 751 887 788; x_wconf 86' lang='lat' dir='ltr'>rum</span> <span class='ocrx_word' id='word_1_52' title='bbox 910 730 1058 807; x_wconf 78' lang='lat' dir='ltr'>Lysandro</span> <span class='ocrx_word' id='word_1_53' title='bbox 1094 730 1238 809; x_wconf 86' lang='lat' dir='ltr'>judicavit</span> <span class='ocrx_word' id='word_1_54' title='bbox 1253 751 1282 809; x_wconf 88' lang='lat' dir='ltr'>p.</span> <span class='ocrx_word' id='word_1_55' title='bbox 1298 731 1335 807; x_wconf 80' lang='lat'>59</span> <span class='ocrx_word' id='word_1_56' title='bbox 1347 750 1420 809; x_wconf 83' lang='lat' dir='ltr'>sqq,</span> <span class='ocrx_word' id='word_1_57' title='bbox 1435 731 1472 802; x_wconf 87' lang='lat'>78</span> <span class='ocrx_word' id='word_1_58' title='bbox 1494 748 1569 808; x_wconf 65' lang='lat' dir='ltr'>sqq„</span> <span class='ocrx_word' id='word_1_59' title='bbox 1589 748 1628 806; x_wconf 82' lang='lat' dir='ltr'>pa</span> <span class='ocrx_word' id='word_1_60' title='bbox 1654 749 1716 809; x_wconf 89' lang='lat' dir='ltr'>sqq.</span> <span class='ocrx_word' id='word_1_61' title='bbox 1738 731 1876 803; x_wconf 81' lang='lat' dir='ltr'>Quorum</span> 
     </span>
     <span class='ocr_line' id='line_1_6' title="bbox 290 817 1875 898; baseline -0.008 -8"><span class='ocrx_word' id='word_1_62' title='bbox 290 834 375 891; x_wconf 73' lang='lat' dir='ltr'>interit</span> <span class='ocrx_word' id='word_1_63' title='bbox 400 831 546 890; x_wconf 82' lang='lat' dir='ltr'>Cltoerilus.</span> <span class='ocrx_word' id='word_1_64' title='bbox 562 828 626 888; x_wconf 89' lang='lat' dir='ltr'>Non</span> <span class='ocrx_word' id='word_1_65' title='bbox 650 822 765 882; x_wconf 85' lang='lat' dir='ltr'>ridetur</span> <span class='ocrx_word' id='word_1_66' title='bbox 776 839 842 879; x_wconf 89' lang='lat' dir='ltr'>curn</span> <span class='ocrx_word' id='word_1_67' title='bbox 863 819 911 877; x_wconf 93' lang='lat' dir='ltr'>illo</span> <span class='ocrx_word' id='word_1_68' title='bbox 927 820 1058 898; x_wconf 77' lang='lat' dir='ltr'><strong>Spartam</strong></span> <span class='ocrx_word' id='word_1_69' title='bbox 1098 839 1207 877; x_wconf 89' lang='lat' dir='ltr'>summa</span> <span class='ocrx_word' id='word_1_70' title='bbox 1218 820 1274 877; x_wconf 92' lang='lat' dir='ltr'>huc</span> <span class='ocrx_word' id='word_1_71' title='bbox 1284 818 1366 877; x_wconf 90' lang='lat' dir='ltr'>redit.</span> <span class='ocrx_word' id='word_1_72' title='bbox 1376 817 1529 879; x_wconf 81' lang='lat' dir='ltr'>Choerilum</span> <span class='ocrx_word' id='word_1_73' title='bbox 1536 837 1593 875; x_wconf 91' lang='lat' dir='ltr'>non</span> <span class='ocrx_word' id='word_1_74' title='bbox 1604 818 1687 895; x_wconf 81' lang='lat' dir='ltr'>longe</span> <span class='ocrx_word' id='word_1_75' title='bbox 1697 817 1822 877; x_wconf 81' lang='lat' dir='ltr'>abfuisse</span> <span class='ocrx_word' id='word_1_76' title='bbox 1834 818 1875 877; x_wconf 80' lang='lat' dir='ltr'>ab</span> 
     </span>
     <span class='ocr_line' id='line_1_7' title="bbox 290 903 1874 996; baseline -0.009 -17"><span class='ocrx_word' id='word_1_77' title='bbox 290 919 403 990; x_wconf 82' lang='lat' dir='ltr'>abiisse,</span> <span class='ocrx_word' id='word_1_78' title='bbox 414 916 463 977; x_wconf 88' lang='lat' dir='ltr'>sed</span> <span class='ocrx_word' id='word_1_79' title='bbox 477 917 617 996; x_wconf 86' lang='lat' dir='ltr'>potinsex</span> <span class='ocrx_word' id='word_1_80' title='bbox 631 913 716 971; x_wconf 85' lang='lat' dir='ltr'>Samo</span> <span class='ocrx_word' id='word_1_81' title='bbox 734 911 764 967; x_wconf 92' lang='lat' dir='ltr'>in</span> <span class='ocrx_word' id='word_1_82' title='bbox 781 906 975 967; x_wconf 87' lang='lat' dir='ltr'>Macedoniarn</span> <span class='ocrx_word' id='word_1_83' title='bbox 990 927 1059 986; x_wconf 90' lang='lat' dir='ltr'>pro·</span> <span class='ocrx_word' id='word_1_84' title='bbox 1098 907 1215 967; x_wconf 83' lang='lat' dir='ltr'>Homeri</span> <span class='ocrx_word' id='word_1_85' title='bbox 1236 907 1427 984; x_wconf 84' lang='lat' dir='ltr'>simplicitate,</span> <span class='ocrx_word' id='word_1_86' title='bbox 1452 903 1503 964; x_wconf 90' lang='lat' dir='ltr'>sed</span> <span class='ocrx_word' id='word_1_87' title='bbox 1520 905 1649 964; x_wconf 91' lang='lat' dir='ltr'>oratione</span> <span class='ocrx_word' id='word_1_88' title='bbox 1672 924 1755 964; x_wconf 87' lang='lat' dir='ltr'>usum</span> <span class='ocrx_word' id='word_1_89' title='bbox 1780 909 1874 985; x_wconf 82' lang='lat' dir='ltr'>magis</span> 
     </span>
     <span class='ocr_line' id='line_1_8' title="bbox 291 992 1874 1080; baseline -0.008 -13"><span class='ocrx_word' id='word_1_90' title='bbox 291 1009 380 1067; x_wconf 82' lang='lat' dir='ltr'>iectus</span> <span class='ocrx_word' id='word_1_91' title='bbox 404 1025 478 1074; x_wconf 85' lang='lat' dir='ltr'>esse,</span> <span class='ocrx_word' id='word_1_92' title='bbox 495 1005 601 1080; x_wconf 85' lang='lat' dir='ltr'>olymp.</span> <span class='ocrx_word' id='word_1_93' title='bbox 625 1008 681 1076; x_wconf 89' lang='grc'><strong>94,</strong></span> <span class='ocrx_word' id='word_1_94' title='bbox 696 1019 713 1056; x_wconf 87' lang='lat' dir='ltr'>a</span> <span class='ocrx_word' id='word_1_95' title='bbox 727 998 773 1056; x_wconf 91' lang='lat' dir='ltr'>vel</span> <span class='ocrx_word' id='word_1_96' title='bbox 795 1016 870 1054; x_wconf 90' lang='lat' dir='ltr'>anno</span> <span class='ocrx_word' id='word_1_97' title='bbox 894 996 1060 1073; x_wconf 84' lang='lat' dir='ltr'><strong>insequente</strong></span> <span class='ocrx_word' id='word_1_98' title='bbox 1099 996 1227 1074; x_wconf 76' lang='lat' dir='ltr'>figurata,</span> <span class='ocrx_word' id='word_1_99' title='bbox 1235 992 1651 1068; x_wconf 87' lang='lat' dir='ltr'>adeo,utabreconditioribus</span> <span class='ocrx_word' id='word_1_100' title='bbox 1662 994 1874 1073; x_wconf 81' lang='lat' dir='ltr'>quoquerebus</span> 
     </span>
     <span class='ocr_line' id='line_1_9' title="bbox 291 1084 1874 1177; baseline -0.008 -22"><span class='ocrx_word' id='word_1_101' title='bbox 291 1098 362 1177; x_wconf 83' lang='lat' dir='ltr'>(lere</span> <span class='ocrx_word' id='word_1_102' title='bbox 387 1105 442 1165; x_wconf 75' lang='grc' dir='ltr'>4οο</span> <span class='ocrx_word' id='word_1_103' title='bbox 455 1114 480 1151; x_wconf 87' lang='lat' dir='ltr'>a.</span> <span class='ocrx_word' id='word_1_104' title='bbox 496 1091 588 1168; x_wconf 74' lang='lat' dir='ltr'>Cim),</span> <span class='ocrx_word' id='word_1_105' title='bbox 612 1088 673 1146; x_wconf 90' lang='lat' dir='ltr'>aliis</span> <span class='ocrx_word' id='word_1_106' title='bbox 688 1086 723 1145; x_wconf 91' lang='lat' dir='ltr'>de</span> <span class='ocrx_word' id='word_1_107' title='bbox 743 1085 865 1158; x_wconf 79' lang='lat' dir='ltr'>caussis,</span> <span class='ocrx_word' id='word_1_108' title='bbox 877 1104 913 1142; x_wconf 88' lang='lat' dir='ltr'>an</span> <span class='ocrx_word' id='word_1_109' title='bbox 927 1084 988 1143; x_wconf 90' lang='lat' dir='ltr'>sola</span> <span class='ocrx_word' id='word_1_110' title='bbox 1002 1089 1059 1143; x_wconf 91' lang='lat' dir='ltr'>Ar·</span> <span class='ocrx_word' id='word_1_111' title='bbox 1099 1086 1232 1164; x_wconf 84' lang='lat' dir='ltr'>exempla</span> <span class='ocrx_word' id='word_1_112' title='bbox 1249 1095 1376 1164; x_wconf 89' lang='lat' dir='ltr'>peteret,</span> <span class='ocrx_word' id='word_1_113' title='bbox 1390 1084 1436 1142; x_wconf 87' lang='lat' dir='ltr'>vel</span> <span class='ocrx_word' id='word_1_114' title='bbox 1457 1084 1522 1142; x_wconf 86' lang='lat' dir='ltr'>talia</span> <span class='ocrx_word' id='word_1_115' title='bbox 1541 1096 1662 1161; x_wconf 88' lang='lat' dir='ltr'>poneret</span> <span class='ocrx_word' id='word_1_116' title='bbox 1679 1103 1744 1160; x_wconf 74' lang='lat' dir='ltr'>qun</span> <span class='ocrx_word' id='word_1_117' title='bbox 1761 1104 1821 1142; x_wconf 93' lang='lat' dir='ltr'>non</span> <span class='ocrx_word' id='word_1_118' title='bbox 1835 1084 1874 1143; x_wconf 81' lang='lat' dir='ltr'>ab</span> 
     </span>
     <span class='ocr_line' id='line_1_10' title="bbox 291 1169 1875 1252; baseline -0.008 -7"><span class='ocrx_word' id='word_1_119' title='bbox 291 1184 380 1245; x_wconf 88' lang='lat' dir='ltr'>clrelai</span> <span class='ocrx_word' id='word_1_120' title='bbox 409 1180 577 1241; x_wconf 85' lang='lat' dir='ltr'>inritatione</span> <span class='ocrx_word' id='word_1_121' title='bbox 605 1175 755 1246; x_wconf 90' lang='lat' dir='ltr'>inductus,</span> <span class='ocrx_word' id='word_1_122' title='bbox 780 1174 950 1233; x_wconf 80' lang='lat' dir='ltr'>nescimus.»</span> <span class='ocrx_word' id='word_1_123' title='bbox 975 1169 1060 1249; x_wconf 91' lang='lat' dir='ltr'>Apud</span> <span class='ocrx_word' id='word_1_124' title='bbox 1101 1173 1179 1232; x_wconf 90' lang='lat' dir='ltr'>omni</span> <span class='ocrx_word' id='word_1_125' title='bbox 1192 1186 1274 1252; x_wconf 90' lang='lat' dir='ltr'>parte</span> <span class='ocrx_word' id='word_1_126' title='bbox 1284 1184 1378 1231; x_wconf 90' lang='lat' dir='ltr'>essent</span> <span class='ocrx_word' id='word_1_127' title='bbox 1392 1172 1517 1250; x_wconf 88' lang='lat' dir='ltr'>propria.</span> <span class='ocrx_word' id='word_1_128' title='bbox 1530 1173 1634 1230; x_wconf 87' lang='lat' dir='ltr'>ilerum</span> <span class='ocrx_word' id='word_1_129' title='bbox 1648 1170 1875 1251; x_wconf 86' lang='lat' dir='ltr'>descriptionem</span> 
     </span>
     <span class='ocr_line' id='line_1_11' title="bbox 292 1260 1875 1340; baseline -0.008 -7"><span class='ocrx_word' id='word_1_130' title='bbox 292 1271 462 1334; x_wconf 71' lang='lat' dir='ltr'>Archelaum</span> <span class='ocrx_word' id='word_1_131' title='bbox 489 1268 644 1328; x_wconf 78' lang='lat' dir='ltr'>lautissime</span> <span class='ocrx_word' id='word_1_132' title='bbox 670 1263 844 1332; x_wconf 59' lang='lat' dir='ltr'>habenarum</span> <span class='ocrx_word' id='word_1_133' title='bbox 867 1274 963 1320; x_wconf 86' lang='lat' dir='ltr'>narrat</span> <span class='ocrx_word' id='word_1_134' title='bbox 990 1262 1062 1320; x_wconf 80' lang='lat' dir='ltr'>lstet</span> <span class='ocrx_word' id='word_1_135' title='bbox 1102 1265 1187 1323; x_wconf 85' lang='lat' dir='ltr'>luisse</span> <span class='ocrx_word' id='word_1_136' title='bbox 1203 1262 1318 1322; x_wconf 90' lang='lat' dir='ltr'>uberem</span> <span class='ocrx_word' id='word_1_137' title='bbox 1343 1275 1372 1322; x_wconf 90' lang='lat' dir='ltr'>et</span> <span class='ocrx_word' id='word_1_138' title='bbox 1395 1262 1554 1340; x_wconf 79' lang='lat' dir='ltr'>copiosam3</span> <span class='ocrx_word' id='word_1_139' title='bbox 1570 1260 1788 1339; x_wconf 85' lang='lat' dir='ltr'>dispositionem</span> <span class='ocrx_word' id='word_1_140' title='bbox 1813 1263 1875 1321; x_wconf 79' lang='lat' dir='ltr'>lere</span> 
     </span>
     <span class='ocr_line' id='line_1_12' title="bbox 292 1347 1874 1441; baseline -0.006 -20"><span class='ocrx_word' id='word_1_141' title='bbox 292 1360 368 1441; x_wconf 89' lang='lat' dir='ltr'>apud</span> <span class='ocrx_word' id='word_1_142' title='bbox 394 1359 498 1418; x_wconf 86' lang='lat' dir='ltr'>Athen.</span> <span class='ocrx_word' id='word_1_143' title='bbox 519 1357 602 1429; x_wconf 90' lang='lat' dir='ltr'>Vlll,</span> <span class='ocrx_word' id='word_1_144' title='bbox 621 1375 650 1433; x_wconf 91' lang='lat' dir='ltr'>p.</span> <span class='ocrx_word' id='word_1_145' title='bbox 672 1354 739 1425; x_wconf 79' lang='grc'><strong>345,</strong></span> <span class='ocrx_word' id='word_1_146' title='bbox 760 1355 801 1411; x_wconf 85' lang='lat' dir='ltr'>D:</span> <span class='ocrx_word' id='word_1_147' title='bbox 816 1350 918 1434; x_wconf 82' lang='grc' dir='ltr'>Ἴστρος</span> <span class='ocrx_word' id='word_1_148' title='bbox 937 1347 966 1408; x_wconf 82' lang='grc' dir='ltr'>δέ</span> <span class='ocrx_word' id='word_1_149' title='bbox 983 1370 1062 1431; x_wconf 81' lang='grc' dir='ltr'>φησι,</span> <span class='ocrx_word' id='word_1_150' title='bbox 1103 1353 1296 1422; x_wconf 82' lang='lat' dir='ltr'>llomerieam3</span> <span class='ocrx_word' id='word_1_151' title='bbox 1310 1370 1453 1411; x_wconf 88' lang='lat' dir='ltr'>summum</span> <span class='ocrx_word' id='word_1_152' title='bbox 1466 1362 1642 1409; x_wconf 87' lang='lat' dir='ltr'>momentum</span> <span class='ocrx_word' id='word_1_153' title='bbox 1662 1350 1691 1409; x_wconf 92' lang='lat' dir='ltr'>in</span> <span class='ocrx_word' id='word_1_154' title='bbox 1706 1370 1803 1429; x_wconf 77' lang='lat' dir='ltr'>pugna</span> <span class='ocrx_word' id='word_1_155' title='bbox 1817 1353 1874 1411; x_wconf 77' lang='lat' dir='ltr'>Sa·</span> 
     </span>
     <span class='ocr_line' id='line_1_13' title="bbox 292 1436 1226 1530; baseline -0.01 -23"><span class='ocrx_word' id='word_1_156' title='bbox 292 1442 596 1530; x_wconf 72' lang='grc' dir='ltr'>Χοιρίλοντονποιητὴν</span> <span class='ocrx_word' id='word_1_157' title='bbox 610 1440 740 1524; x_wconf 81' lang='grc' dir='ltr'>τέσσαρας</span> <span class='ocrx_word' id='word_1_158' title='bbox 754 1449 819 1520; x_wconf 81' lang='grc' dir='ltr'>μνᾶς</span> <span class='ocrx_word' id='word_1_159' title='bbox 837 1439 876 1523; x_wconf 81' lang='grc' dir='ltr'>ἐρ’</span> <span class='ocrx_word' id='word_1_160' title='bbox 889 1436 977 1520; x_wconf 73' lang='grc' dir='ltr'>ἡμέρορ</span> <span class='ocrx_word' id='word_1_161' title='bbox 988 1439 1061 1515; x_wconf 88' lang='grc' dir='ltr'>λαμ·</span> <span class='ocrx_word' id='word_1_162' title='bbox 1102 1441 1226 1499; x_wconf 76' lang='lat' dir='ltr'>laminis.</span> 
     </span>
     <span class='ocr_line' id='line_1_14' title="bbox 293 1522 1877 1609; baseline -0.002 -15"><span class='ocrx_word' id='word_1_163' title='bbox 293 1534 407 1596; x_wconf 72' lang='lat' dir='ltr'>deivarae</span> <span class='ocrx_word' id='word_1_164' title='bbox 424 1532 521 1600; x_wconf 71' lang='lat' dir='ltr'>rutinae</span> <span class='ocrx_word' id='word_1_165' title='bbox 539 1529 740 1591; x_wconf 79' lang='grc' dir='ltr'>καταναλίσκειν</span> <span class='ocrx_word' id='word_1_166' title='bbox 762 1528 799 1593; x_wconf 78' lang='grc' dir='ltr'>εἰς</span> <span class='ocrx_word' id='word_1_167' title='bbox 817 1524 972 1609; x_wconf 60' lang='grc' dir='ltr'>ὀψοφαγίαν,</span> <span class='ocrx_word' id='word_1_168' title='bbox 987 1522 1063 1603; x_wconf 65' lang='lat' dir='ltr'>rard-</span> <span class='ocrx_word' id='word_1_169' title='bbox 1144 1529 1269 1588; x_wconf 85' lang='lat' dir='ltr'>Platonis</span> <span class='ocrx_word' id='word_1_170' title='bbox 1279 1541 1408 1608; x_wconf 87' lang='lat' dir='ltr'>tempore</span> <span class='ocrx_word' id='word_1_171' title='bbox 1418 1528 1509 1607; x_wconf 77' lang='lat' dir='ltr'>gloria</span> <span class='ocrx_word' id='word_1_172' title='bbox 1520 1528 1643 1586; x_wconf 81' lang='lat' dir='ltr'>maxime</span> <span class='ocrx_word' id='word_1_173' title='bbox 1653 1529 1782 1588; x_wconf 84' lang='lat' dir='ltr'>floruisse</span> <span class='ocrx_word' id='word_1_174' title='bbox 1793 1531 1877 1591; x_wconf 80' lang='lat' dir='ltr'>Cboe·</span> 
     </span>
     <span class='ocr_line' id='line_1_15' title="bbox 293 1615 1875 1705; baseline -0.002 -23"><span class='ocrx_word' id='word_1_175' title='bbox 293 1646 371 1702; x_wconf 78' lang='grc' dir='ltr'>μενον</span> <span class='ocrx_word' id='word_1_176' title='bbox 386 1622 529 1705; x_wconf 69' lang='grc' dir='ltr'>ἀγοράγον.</span> <span class='ocrx_word' id='word_1_177' title='bbox 546 1618 718 1678; x_wconf 71' lang='lat' dir='ltr'>«Cboerilum</span> <span class='ocrx_word' id='word_1_178' title='bbox 733 1615 770 1674; x_wconf 88' lang='lat' dir='ltr'>ab</span> <span class='ocrx_word' id='word_1_179' title='bbox 784 1615 920 1674; x_wconf 89' lang='lat' dir='ltr'>Archelao</span> <span class='ocrx_word' id='word_1_180' title='bbox 932 1616 1061 1690; x_wconf 75' lang='lat' dir='ltr'>qnotidie,</span> <span class='ocrx_word' id='word_1_181' title='bbox 1105 1618 1190 1676; x_wconf 89' lang='lat' dir='ltr'>rilum</span> <span class='ocrx_word' id='word_1_182' title='bbox 1202 1616 1286 1676; x_wconf 91' lang='lat' dir='ltr'>docet</span> <span class='ocrx_word' id='word_1_183' title='bbox 1299 1618 1394 1676; x_wconf 85' lang='lat' dir='ltr'>Procli</span> <span class='ocrx_word' id='word_1_184' title='bbox 1408 1616 1522 1676; x_wconf 91' lang='lat' dir='ltr'>locusin</span> <span class='ocrx_word' id='word_1_185' title='bbox 1536 1617 1706 1676; x_wconf 77' lang='lat' dir='ltr'>Antimacho</span> <span class='ocrx_word' id='word_1_186' title='bbox 1715 1616 1875 1697; x_wconf 82' lang='lat' dir='ltr'>ponendus.</span> 
     </span>
     <span class='ocr_line' id='line_1_16' title="bbox 293 1703 1876 1791; baseline -0.001 -21"><span class='ocrx_word' id='word_1_187' title='bbox 293 1719 321 1770; x_wconf 77' lang='lat' dir='ltr'>r‘n</span> <span class='ocrx_word' id='word_1_188' title='bbox 333 1715 453 1791; x_wconf 77' lang='lat' dir='ltr'>singulos</span> <span class='ocrx_word' id='word_1_189' title='bbox 472 1714 540 1781; x_wconf 81' lang='lat' dir='ltr'>dier,</span> <span class='ocrx_word' id='word_1_190' title='bbox 558 1707 701 1789; x_wconf 88' lang='lat' dir='ltr'>accepisse</span> <span class='ocrx_word' id='word_1_191' title='bbox 717 1716 852 1784; x_wconf 91' lang='lat' dir='ltr'>quattuor</span> <span class='ocrx_word' id='word_1_192' title='bbox 867 1704 957 1762; x_wconf 92' lang='lat' dir='ltr'>minas</span> <span class='ocrx_word' id='word_1_193' title='bbox 977 1703 1064 1781; x_wconf 88' lang='lat' dir='ltr'>(quod</span> <span class='ocrx_word' id='word_1_194' title='bbox 1106 1704 1216 1764; x_wconf 86' lang='lat' dir='ltr'>Deinde</span> <span class='ocrx_word' id='word_1_195' title='bbox 1224 1704 1390 1764; x_wconf 88' lang='lat' dir='ltr'>Aristoteles</span> <span class='ocrx_word' id='word_1_196' title='bbox 1400 1707 1429 1764; x_wconf 91' lang='lat' dir='ltr'>in</span> <span class='ocrx_word' id='word_1_197' title='bbox 1438 1725 1556 1784; x_wconf 89' lang='lat' dir='ltr'>poeseos</span> <span class='ocrx_word' id='word_1_198' title='bbox 1567 1705 1717 1785; x_wconf 84' lang='lat' dir='ltr'>praeceptis</span> <span class='ocrx_word' id='word_1_199' title='bbox 1728 1706 1876 1768; x_wconf 76' lang='lat' dir='ltr'>tradendis</span> 
     </span>
     <span class='ocr_line' id='line_1_17' title="bbox 294 1791 1876 1879; baseline -0.003 -20"><span class='ocrx_word' id='word_1_200' title='bbox 294 1820 385 1879; x_wconf 82' lang='lat' dir='ltr'>graeca</span> <span class='ocrx_word' id='word_1_201' title='bbox 400 1798 489 1858; x_wconf 84' lang='lat' dir='ltr'>rerba</span> <span class='ocrx_word' id='word_1_202' title='bbox 498 1797 620 1875; x_wconf 84' lang='lat' dir='ltr'>sonant),</span> <span class='ocrx_word' id='word_1_203' title='bbox 635 1796 706 1854; x_wconf 91' lang='lat' dir='ltr'>alius</span> <span class='ocrx_word' id='word_1_204' title='bbox 715 1791 819 1867; x_wconf 86' lang='lat' dir='ltr'>eredat,</span> <span class='ocrx_word' id='word_1_205' title='bbox 833 1812 891 1850; x_wconf 92' lang='lat' dir='ltr'>non</span> <span class='ocrx_word' id='word_1_206' title='bbox 902 1811 964 1870; x_wconf 77' lang='lat' dir='ltr'>ego.</span> <span class='ocrx_word' id='word_1_207' title='bbox 973 1791 1064 1851; x_wconf 85' lang='lat' dir='ltr'>Semel</span> <span class='ocrx_word' id='word_1_208' title='bbox 1105 1793 1165 1872; x_wconf 90' lang='lat' dir='ltr'>ejus</span> <span class='ocrx_word' id='word_1_209' title='bbox 1178 1793 1328 1872; x_wconf 82' lang='lat' dir='ltr'>aliquoties</span> <span class='ocrx_word' id='word_1_210' title='bbox 1341 1793 1516 1852; x_wconf 71' lang='lat' dir='ltr'>meminitm.</span> <span class='ocrx_word' id='word_1_211' title='bbox 1527 1794 1597 1872; x_wconf 82' lang='lat' dir='ltr'>frag.</span> <span class='ocrx_word' id='word_1_212' title='bbox 1612 1815 1624 1852; x_wconf 88' lang='lat' dir='ltr'>r</span> <span class='ocrx_word' id='word_1_213' title='bbox 1640 1808 1668 1854; x_wconf 88' lang='lat' dir='ltr'>et</span> <span class='ocrx_word' id='word_1_214' title='bbox 1679 1814 1706 1852; x_wconf 84' lang='lat' dir='ltr'>n.</span> <span class='ocrx_word' id='word_1_215' title='bbox 1721 1795 1763 1855; x_wconf 85' lang='lat' dir='ltr'>[le</span> <span class='ocrx_word' id='word_1_216' title='bbox 1773 1815 1876 1856; x_wconf 77' lang='lat' dir='ltr'>escor-</span> 
     </span>
     <span class='ocr_line' id='line_1_18' title="bbox 296 1879 1876 1964; baseline -0.002 -18"><span class='ocrx_word' id='word_1_217' title='bbox 296 1900 402 1946; x_wconf 86' lang='lat' dir='ltr'>tantam</span> <span class='ocrx_word' id='word_1_218' title='bbox 428 1887 592 1964; x_wconf 88' lang='lat' dir='ltr'>pecuniam,</span> <span class='ocrx_word' id='word_1_219' title='bbox 609 1882 645 1941; x_wconf 90' lang='lat' dir='ltr'>ab</span> <span class='ocrx_word' id='word_1_220' title='bbox 665 1881 805 1941; x_wconf 73' lang='lat' dir='ltr'>Archelao</span> <span class='ocrx_word' id='word_1_221' title='bbox 823 1892 989 1958; x_wconf 87' lang='lat' dir='ltr'>acceptam,</span> <span class='ocrx_word' id='word_1_222' title='bbox 1010 1879 1066 1937; x_wconf 90' lang='lat' dir='ltr'>diei</span> <span class='ocrx_word' id='word_1_223' title='bbox 1106 1883 1160 1960; x_wconf 88' lang='lat' dir='ltr'>plis</span> <span class='ocrx_word' id='word_1_224' title='bbox 1175 1884 1252 1961; x_wconf 88' lang='lat' dir='ltr'>ejus,</span> <span class='ocrx_word' id='word_1_225' title='bbox 1267 1883 1347 1960; x_wconf 92' lang='lat' dir='ltr'>quod</span> <span class='ocrx_word' id='word_1_226' title='bbox 1361 1901 1449 1960; x_wconf 89' lang='lat' dir='ltr'>snpra</span> <span class='ocrx_word' id='word_1_227' title='bbox 1463 1882 1618 1940; x_wconf 90' lang='lat' dir='ltr'>indicatum</span> <span class='ocrx_word' id='word_1_228' title='bbox 1634 1894 1691 1960; x_wconf 81' lang='lat' dir='ltr'>est,</span> <span class='ocrx_word' id='word_1_229' title='bbox 1705 1883 1743 1942; x_wconf 84' lang='lat' dir='ltr'>ita</span> <span class='ocrx_word' id='word_1_230' title='bbox 1759 1884 1876 1959; x_wconf 81' lang='lat' dir='ltr'>scribit,</span> 
     </span>
     <span class='ocr_line' id='line_1_19' title="bbox 294 1967 1877 2055; baseline -0.003 -19"><span class='ocrx_word' id='word_1_231' title='bbox 294 1977 387 2055; x_wconf 89' lang='lat' dir='ltr'>spatio</span> <span class='ocrx_word' id='word_1_232' title='bbox 414 1975 444 2033; x_wconf 89' lang='lat' dir='ltr'>in</span> <span class='ocrx_word' id='word_1_233' title='bbox 471 1973 590 2033; x_wconf 89' lang='lat' dir='ltr'>obsonia</span> <span class='ocrx_word' id='word_1_234' title='bbox 617 1970 818 2050; x_wconf 77' lang='lat' dir='ltr'>expenderit.»</span> <span class='ocrx_word' id='word_1_235' title='bbox 843 1971 957 2027; x_wconf 83' lang='lat' dir='ltr'>Naelr&#39;ns</span> <span class='ocrx_word' id='word_1_236' title='bbox 974 1989 1002 2046; x_wconf 89' lang='lat' dir='ltr'>p.</span> <span class='ocrx_word' id='word_1_237' title='bbox 1019 1970 1065 2026; x_wconf 87' lang='grc'>88.</span> <span class='ocrx_word' id='word_1_238' title='bbox 1084 1984 1090 2021; x_wconf 81' lang='lat'>.·</span> <span class='ocrx_word' id='word_1_239' title='bbox 1107 1973 1132 2030; x_wconf 88' lang='grc' dir='ltr'>Τ</span> <span class='ocrx_word' id='word_1_240' title='bbox 1134 1991 1182 2050; x_wconf 88' lang='lat' dir='ltr'>op.</span> <span class='ocrx_word' id='word_1_241' title='bbox 1201 1972 1276 2045; x_wconf 88' lang='lat' dir='ltr'>Vlll,</span> <span class='ocrx_word' id='word_1_242' title='bbox 1296 1992 1320 2038; x_wconf 89' lang='grc' dir='ltr'>ι,</span> <span class='ocrx_word' id='word_1_243' title='bbox 1333 1971 1398 2029; x_wconf 83' lang='lat' dir='ltr'>fin:</span> <span class='ocrx_word' id='word_1_244' title='bbox 1415 1971 1461 2037; x_wconf 68' lang='lat' dir='ltr'>Et&lt;</span> <span class='ocrx_word' id='word_1_245' title='bbox 1474 1967 1502 2029; x_wconf 79' lang='lat' dir='ltr'>dl</span> <span class='ocrx_word' id='word_1_246' title='bbox 1516 1967 1659 2053; x_wconf 66' lang='grc' dir='ltr'>σαφήνειαν</span> <span class='ocrx_word' id='word_1_247' title='bbox 1673 1970 1877 2051; x_wconf 72' lang='grc' dir='ltr'>παραδείγματι</span> 
     </span>
     <span class='ocr_line' id='line_1_20' title="bbox 297 2055 1884 2142; baseline -0.002 -19"><span class='ocrx_word' id='word_1_248' title='bbox 297 2066 429 2124; x_wconf 85' lang='lat' dir='ltr'>Mortuus</span> <span class='ocrx_word' id='word_1_249' title='bbox 440 2074 483 2121; x_wconf 89' lang='lat' dir='ltr'>est</span> <span class='ocrx_word' id='word_1_250' title='bbox 496 2075 561 2120; x_wconf 91' lang='lat' dir='ltr'>ante</span> <span class='ocrx_word' id='word_1_251' title='bbox 581 2079 688 2119; x_wconf 88' lang='lat' dir='ltr'>annum</span> <span class='ocrx_word' id='word_1_252' title='bbox 704 2060 771 2135; x_wconf 83' lang='lat'>399,</span> <span class='ocrx_word' id='word_1_253' title='bbox 789 2078 848 2135; x_wconf 90' lang='lat' dir='ltr'>quo</span> <span class='ocrx_word' id='word_1_254' title='bbox 870 2055 944 2116; x_wconf 92' lang='lat' dir='ltr'>obiit</span> <span class='ocrx_word' id='word_1_255' title='bbox 959 2057 1067 2116; x_wconf 92' lang='lat' dir='ltr'>Arche·</span> <span class='ocrx_word' id='word_1_256' title='bbox 1106 2059 1151 2120; x_wconf 83' lang='grc' dir='ltr'>καλ</span> <span class='ocrx_word' id='word_1_257' title='bbox 1163 2056 1443 2142; x_wconf 72' lang='grc' dir='ltr'>παραθολὰςοῑστίον·</span> <span class='ocrx_word' id='word_1_258' title='bbox 1461 2058 1666 2142; x_wconf 77' lang='grc' dir='ltr'>παραδείγματα</span> <span class='ocrx_word' id='word_1_259' title='bbox 1680 2058 1708 2118; x_wconf 80' lang='lat' dir='ltr'>dl</span> <span class='ocrx_word' id='word_1_260' title='bbox 1728 2062 1812 2120; x_wconf 78' lang='grc' dir='ltr'>οἰκεῖα</span> <span class='ocrx_word' id='word_1_261' title='bbox 1830 2064 1884 2140; x_wconf 74' lang='lat' dir='ltr'>nal</span> 
     </span>
     <span class='ocr_line' id='line_1_21' title="bbox 296 2138 1876 2231; baseline 0.002 -23"><span class='ocrx_word' id='word_1_262' title='bbox 296 2151 364 2210; x_wconf 90' lang='lat' dir='ltr'>laus.</span> <span class='ocrx_word' id='word_1_263' title='bbox 373 2150 463 2231; x_wconf 76' lang='lat' dir='ltr'>[Cous.</span> <span class='ocrx_word' id='word_1_264' title='bbox 478 2149 622 2209; x_wconf 86' lang='lat' dir='ltr'>Ritschelii</span> <span class='ocrx_word' id='word_1_265' title='bbox 635 2148 787 2227; x_wconf 90' lang='lat' dir='ltr'>Specimen</span> <span class='ocrx_word' id='word_1_266' title='bbox 796 2144 831 2205; x_wconf 91' lang='lat' dir='ltr'>de</span> <span class='ocrx_word' id='word_1_267' title='bbox 843 2146 991 2223; x_wconf 78' lang='lat' dir='ltr'>Agathone</span> <span class='ocrx_word' id='word_1_268' title='bbox 999 2151 1066 2224; x_wconf 69' lang='lat' dir='ltr'>[ud</span> <span class='ocrx_word' id='word_1_269' title='bbox 1106 2138 1184 2219; x_wconf 71' lang='grc' dir='ltr'>ἐξιῖν</span> <span class='ocrx_word' id='word_1_270' title='bbox 1204 2146 1290 2227; x_wconf 78' lang='grc' dir='ltr'>ἴσμεν,</span> <span class='ocrx_word' id='word_1_271' title='bbox 1311 2138 1354 2208; x_wconf 76' lang='grc' dir='ltr'>οἶα</span> <span class='ocrx_word' id='word_1_272' title='bbox 1367 2146 1505 2230; x_wconf 83' lang='grc' dir='ltr'>Ὅμηρος,</span> <span class='ocrx_word' id='word_1_273' title='bbox 1531 2147 1569 2227; x_wconf 74' lang='grc' dir='ltr'>μὴ</span> <span class='ocrx_word' id='word_1_274' title='bbox 1595 2139 1638 2208; x_wconf 80' lang='grc' dir='ltr'>οἶοι</span> <span class='ocrx_word' id='word_1_275' title='bbox 1664 2149 1795 2231; x_wconf 80' lang='grc' dir='ltr'>Χοιριλος.</span> <span class='ocrx_word' id='word_1_276' title='bbox 1820 2151 1876 2211; x_wconf 85' lang='lat' dir='ltr'>Sed</span> 
     </span>
     <span class='ocr_line' id='line_1_22' title="bbox 296 2228 1878 2318; baseline 0.001 -21"><span class='ocrx_word' id='word_1_277' title='bbox 296 2228 1067 2318; x_wconf 77' lang='lat' dir='ltr'>sqq.)Deniqueinter&#39;lhucydidisaequalesClroerilum</span> <span class='ocrx_word' id='word_1_278' title='bbox 1110 2237 1308 2296; x_wconf 70' lang='lat' dir='ltr'>Alexandrinis</span> <span class='ocrx_word' id='word_1_279' title='bbox 1332 2236 1511 2314; x_wconf 87' lang='lat' dir='ltr'>temporibus</span> <span class='ocrx_word' id='word_1_280' title='bbox 1536 2250 1636 2315; x_wconf 87' lang='lat' dir='ltr'>aperte</span> <span class='ocrx_word' id='word_1_281' title='bbox 1662 2236 1878 2317; x_wconf 81' lang='lat' dir='ltr'>deprimebatur</span> 
     </span>
     <span class='ocr_line' id='line_1_23' title="bbox 297 2322 1877 2404; baseline -0.001 -17"><span class='ocrx_word' id='word_1_282' title='bbox 297 2339 423 2387; x_wconf 86' lang='lat' dir='ltr'>recenset</span> <span class='ocrx_word' id='word_1_283' title='bbox 436 2325 618 2386; x_wconf 80' lang='lat' dir='ltr'>Marcellinus</span> <span class='ocrx_word' id='word_1_284' title='bbox 633 2325 662 2382; x_wconf 94' lang='lat' dir='ltr'>in</span> <span class='ocrx_word' id='word_1_285' title='bbox 680 2323 744 2382; x_wconf 87' lang='lat' dir='ltr'>Vita</span> <span class='ocrx_word' id='word_1_286' title='bbox 760 2322 854 2381; x_wconf 77' lang='lat' dir='ltr'>&#39;l&#39;buu</span> <span class='ocrx_word' id='word_1_287' title='bbox 1107 2324 1261 2393; x_wconf 85' lang='lat' dir='ltr'>Choerilus,</span> <span class='ocrx_word' id='word_1_288' title='bbox 1289 2324 1463 2384; x_wconf 83' lang='lat' dir='ltr'>efferebatur</span> <span class='ocrx_word' id='word_1_289' title='bbox 1492 2326 1700 2397; x_wconf 82' lang='lat' dir='ltr'>Antimachus3</span> <span class='ocrx_word' id='word_1_290' title='bbox 1720 2326 1804 2404; x_wconf 79' lang='lat' dir='ltr'>cnjus</span> <span class='ocrx_word' id='word_1_291' title='bbox 1834 2328 1877 2385; x_wconf 85' lang='lat' dir='ltr'>rei</span> 
     </span>
     <span class='ocr_line' id='line_1_24' title="bbox 336 2410 1877 2495; baseline -0.001 -21"><span class='ocrx_word' id='word_1_292' title='bbox 336 2417 457 2476; x_wconf 88' lang='lat' dir='ltr'>Carmen</span> <span class='ocrx_word' id='word_1_293' title='bbox 503 2413 584 2492; x_wconf 91' lang='lat' dir='ltr'>ejus,</span> <span class='ocrx_word' id='word_1_294' title='bbox 623 2413 834 2470; x_wconf 77' lang='lat' dir='ltr'>Atheniensium</span> <span class='ocrx_word' id='word_1_295' title='bbox 874 2416 989 2468; x_wconf 75' lang='lat' dir='ltr'>victoria</span> <span class='ocrx_word' id='word_1_296' title='bbox 1034 2410 1070 2466; x_wconf 79' lang='lat' dir='ltr'>de</span> <span class='ocrx_word' id='word_1_297' title='bbox 1108 2434 1220 2473; x_wconf 88' lang='lat' dir='ltr'>caussas</span> <span class='ocrx_word' id='word_1_298' title='bbox 1235 2427 1263 2474; x_wconf 90' lang='lat' dir='ltr'>et</span> <span class='ocrx_word' id='word_1_299' title='bbox 1280 2414 1400 2474; x_wconf 81' lang='lat' dir='ltr'>effeetus</span> <span class='ocrx_word' id='word_1_300' title='bbox 1425 2414 1534 2493; x_wconf 88' lang='lat' dir='ltr'>optime</span> <span class='ocrx_word' id='word_1_301' title='bbox 1556 2415 1696 2493; x_wconf 85' lang='lat' dir='ltr'>explicuit</span> <span class='ocrx_word' id='word_1_302' title='bbox 1710 2416 1823 2476; x_wconf 83' lang='lat' dir='ltr'>Naekius</span> <span class='ocrx_word' id='word_1_303' title='bbox 1848 2436 1877 2495; x_wconf 87' lang='lat' dir='ltr'>p.</span> 
     </span>
     <span class='ocr_line' id='line_1_25' title="bbox 300 2496 1880 2584; baseline 0.003 -25"><span class='ocrx_word' id='word_1_304' title='bbox 300 2506 403 2573; x_wconf 77' lang='lat' dir='ltr'>Xerxe,</span> <span class='ocrx_word' id='word_1_305' title='bbox 417 2496 533 2584; x_wconf 75' lang='grc' dir='ltr'>Περσηΐς</span> <span class='ocrx_word' id='word_1_306' title='bbox 543 2546 551 2574; x_wconf 88' lang='grc'><strong>,</strong></span> <span class='ocrx_word' id='word_1_307' title='bbox 563 2502 709 2559; x_wconf 87' lang='lat' dir='ltr'>decretum</span> <span class='ocrx_word' id='word_1_308' title='bbox 735 2499 820 2558; x_wconf 84' lang='lat' dir='ltr'>luisse</span> <span class='ocrx_word' id='word_1_309' title='bbox 831 2511 864 2557; x_wconf 93' lang='lat' dir='ltr'>ut</span> <span class='ocrx_word' id='word_1_310' title='bbox 874 2517 938 2556; x_wconf 89' lang='lat' dir='ltr'>cum</span> <span class='ocrx_word' id='word_1_311' title='bbox 953 2498 1068 2557; x_wconf 84' lang='lat' dir='ltr'>llonreri</span> <span class='ocrx_word' id='word_1_312' title='bbox 1109 2504 1147 2579; x_wconf 84' lang='grc'><strong>96</strong></span> <span class='ocrx_word' id='word_1_313' title='bbox 1164 2523 1230 2582; x_wconf 88' lang='lat' dir='ltr'>sqq.</span> <span class='ocrx_word' id='word_1_314' title='bbox 1244 2505 1423 2581; x_wconf 88' lang='lat' dir='ltr'>Quamquam</span> <span class='ocrx_word' id='word_1_315' title='bbox 1437 2524 1494 2562; x_wconf 90' lang='lat' dir='ltr'>non</span> <span class='ocrx_word' id='word_1_316' title='bbox 1507 2504 1569 2563; x_wconf 91' lang='lat' dir='ltr'>sine</span> <span class='ocrx_word' id='word_1_317' title='bbox 1582 2504 1632 2563; x_wconf 87' lang='lat' dir='ltr'>lite</span> <span class='ocrx_word' id='word_1_318' title='bbox 1641 2504 1764 2584; x_wconf 81' lang='lat' dir='ltr'>quadam</span> <span class='ocrx_word' id='word_1_319' title='bbox 1774 2519 1804 2565; x_wconf 90' lang='lat' dir='ltr'>et</span> <span class='ocrx_word' id='word_1_320' title='bbox 1818 2504 1880 2564; x_wconf 81' lang='lat' dir='ltr'>dis·</span> 
     </span>
     <span class='ocr_line' id='line_1_26' title="bbox 298 2585 1878 2671; baseline -0.003 -22"><span class='ocrx_word' id='word_1_321' title='bbox 298 2590 470 2649; x_wconf 89' lang='lat' dir='ltr'>carminibus</span> <span class='ocrx_word' id='word_1_322' title='bbox 476 2589 592 2669; x_wconf 88' lang='lat' dir='ltr'>publice</span> <span class='ocrx_word' id='word_1_323' title='bbox 602 2590 768 2648; x_wconf 89' lang='lat' dir='ltr'>recitaretur</span> <span class='ocrx_word' id='word_1_324' title='bbox 776 2585 1004 2667; x_wconf 80' lang='lat' dir='ltr'>(Panathenaeis),</span> <span class='ocrx_word' id='word_1_325' title='bbox 1019 2586 1070 2644; x_wconf 88' lang='lat' dir='ltr'>mi·</span> <span class='ocrx_word' id='word_1_326' title='bbox 1109 2592 1239 2651; x_wconf 83' lang='lat' dir='ltr'>sensione</span> <span class='ocrx_word' id='word_1_327' title='bbox 1250 2591 1278 2649; x_wconf 84' lang='lat' dir='ltr'>id</span> <span class='ocrx_word' id='word_1_328' title='bbox 1294 2593 1398 2650; x_wconf 76' lang='lat' dir='ltr'>sactum</span> <span class='ocrx_word' id='word_1_329' title='bbox 1416 2612 1556 2671; x_wconf 77' lang='lat' dir='ltr'>apparere</span> <span class='ocrx_word' id='word_1_330' title='bbox 1570 2592 1684 2653; x_wconf 71' lang='lat' dir='ltr'>viderur</span> <span class='ocrx_word' id='word_1_331' title='bbox 1698 2615 1733 2652; x_wconf 73' lang='lat' dir='ltr'>ex</span> <span class='ocrx_word' id='word_1_332' title='bbox 1751 2594 1878 2655; x_wconf 70' lang='lat' dir='ltr'>crateris</span> 
     </span>
    </p>
   </div>
   <div class='ocr_carea' id='block_1_3' title="bbox 238 2674 1878 2848">
    <p class='ocr_par' dir='ltr' id='par_1_3' title="bbox 238 2674 1878 2848">
     <span class='ocr_line' id='line_1_27' title="bbox 299 2674 1878 2762; baseline 0.004 -26"><span class='ocrx_word' id='word_1_333' title='bbox 299 2679 374 2737; x_wconf 89' lang='lat' dir='ltr'>nime</span> <span class='ocrx_word' id='word_1_334' title='bbox 385 2692 428 2737; x_wconf 90' lang='lat' dir='ltr'>est</span> <span class='ocrx_word' id='word_1_335' title='bbox 441 2677 611 2736; x_wconf 89' lang='lat' dir='ltr'>incredibile</span> <span class='ocrx_word' id='word_1_336' title='bbox 626 2699 633 2734; x_wconf 79' lang='grc' dir='ltr'>ι</span> <span class='ocrx_word' id='word_1_337' title='bbox 647 2674 696 2735; x_wconf 88' lang='lat' dir='ltr'>sed</span> <span class='ocrx_word' id='word_1_338' title='bbox 713 2676 855 2754; x_wconf 86' lang='lat' dir='ltr'>accepisse</span> <span class='ocrx_word' id='word_1_339' title='bbox 874 2686 986 2753; x_wconf 89' lang='lat' dir='ltr'>poetam</span> <span class='ocrx_word' id='word_1_340' title='bbox 1004 2695 1069 2733; x_wconf 84' lang='lat' dir='ltr'>ver·</span> <span class='ocrx_word' id='word_1_341' title='bbox 1108 2681 1284 2757; x_wconf 80' lang='lat' dir='ltr'>grammatici</span> <span class='ocrx_word' id='word_1_342' title='bbox 1306 2681 1524 2760; x_wconf 77' lang='lat' dir='ltr'>epigrammate,</span> <span class='ocrx_word' id='word_1_343' title='bbox 1543 2680 1731 2762; x_wconf 80' lang='lat' dir='ltr'>ambiguitatis</span> <span class='ocrx_word' id='word_1_344' title='bbox 1746 2683 1878 2743; x_wconf 87' lang='lat' dir='ltr'>malitio-</span> 
     </span>
     <span class='ocr_line' id='line_1_28' title="bbox 238 2763 1337 2848; baseline -0.003 -24"><span class='ocrx_word' id='word_1_345' title='bbox 238 2826 244 2836; x_wconf 67' lang='grc'><strong>,</strong></span> <span class='ocrx_word' id='word_1_346' title='bbox 299 2786 381 2824; x_wconf 91' lang='lat' dir='ltr'>suurn</span> <span class='ocrx_word' id='word_1_347' title='bbox 394 2767 571 2844; x_wconf 75' lang='lat' dir='ltr'>singulorum</span> <span class='ocrx_word' id='word_1_348' title='bbox 585 2765 733 2843; x_wconf 69' lang='lat' dir='ltr'>praemium</span> <span class='ocrx_word' id='word_1_349' title='bbox 746 2776 878 2821; x_wconf 90' lang='lat' dir='ltr'>staterem</span> <span class='ocrx_word' id='word_1_350' title='bbox 891 2781 1007 2821; x_wconf 90' lang='lat' dir='ltr'>aureum</span> <span class='ocrx_word' id='word_1_351' title='bbox 1020 2763 1068 2842; x_wconf 73' lang='grc' dir='ltr'>(ιθ</span> <span class='ocrx_word' id='word_1_352' title='bbox 1109 2770 1225 2830; x_wconf 54' lang='lat' dir='ltr'>sissima</span> <span class='ocrx_word' id='word_1_353' title='bbox 1236 2771 1337 2848; x_wconf 73' lang='lat' dir='ltr'>pleno:</span> 
     </span>
    </p>
   </div>
   <div class='ocr_carea' id='block_1_4' title="bbox 300 2851 1878 3017">
    <p class='ocr_par' dir='ltr' id='par_1_4' title="bbox 300 2851 1878 3017">
     <span class='ocr_line' id='line_1_29' title="bbox 300 2851 1740 2935; baseline -0.003 -23"><span class='ocrx_word' id='word_1_354' title='bbox 300 2855 357 2912; x_wconf 85' lang='lat' dir='ltr'>iere</span> <span class='ocrx_word' id='word_1_355' title='bbox 371 2853 457 2912; x_wconf 91' lang='lat' dir='ltr'>libras</span> <span class='ocrx_word' id='word_1_356' title='bbox 468 2866 588 2912; x_wconf 78' lang='lat' dir='ltr'>monetae</span> <span class='ocrx_word' id='word_1_357' title='bbox 598 2851 812 2928; x_wconf 81' lang='lat' dir='ltr'>Gallicae)‚illud</span> <span class='ocrx_word' id='word_1_358' title='bbox 827 2871 895 2909; x_wconf 87' lang='lat' dir='ltr'>vero</span> <span class='ocrx_word' id='word_1_359' title='bbox 908 2870 1004 2909; x_wconf 89' lang='lat' dir='ltr'>rerum</span> <span class='ocrx_word' id='word_1_360' title='bbox 1014 2872 1069 2930; x_wconf 87' lang='lat' dir='ltr'>pu·</span> <span class='ocrx_word' id='word_1_361' title='bbox 1286 2909 1293 2929; x_wconf 68' lang='lat'>‚</span> <span class='ocrx_word' id='word_1_362' title='bbox 1384 2913 1390 2935; x_wconf 41' lang='grc' dir='ltr'>γ</span> <span class='ocrx_word' id='word_1_363' title='bbox 1688 2916 1697 2935; x_wconf 32' lang='grc' dir='ltr'>γ</span> <span class='ocrx_word' id='word_1_364' title='bbox 1733 2916 1740 2935; x_wconf 35' lang='grc' dir='ltr'>γ</span> 
     </span>
     <span class='ocr_line' id='line_1_30' title="bbox 301 2910 1878 3017; baseline -0.004 -19"><span class='ocrx_word' id='word_1_365' title='bbox 301 2941 439 2999; x_wconf 89' lang='lat' dir='ltr'>blicarum</span> <span class='ocrx_word' id='word_1_366' title='bbox 452 2941 615 3000; x_wconf 86' lang='lat' dir='ltr'>florentium</span> <span class='ocrx_word' id='word_1_367' title='bbox 628 2938 755 2998; x_wconf 90' lang='lat' dir='ltr'>moribus</span> <span class='ocrx_word' id='word_1_368' title='bbox 768 2959 887 3017; x_wconf 89' lang='lat' dir='ltr'>prorsus</span> <span class='ocrx_word' id='word_1_369' title='bbox 898 2950 941 2997; x_wconf 91' lang='lat' dir='ltr'>est</span> <span class='ocrx_word' id='word_1_370' title='bbox 954 2951 1070 2997; x_wconf 87' lang='lat' dir='ltr'>contra·</span> <span class='ocrx_word' id='word_1_371' title='bbox 1149 2910 1270 2992; x_wconf 55' lang='grc' dir='ltr'>Χοιρίλος</span> <span class='ocrx_word' id='word_1_372' title='bbox 1291 2910 1521 2992; x_wconf 54' lang='grc' dir='ltr'>Αντῑμῑλθυπολὺ</span> <span class='ocrx_word' id='word_1_373' title='bbox 1537 2913 1665 2972; x_wconf 51' lang='grc' dir='ltr'>λείπεται·</span> <span class='ocrx_word' id='word_1_374' title='bbox 1681 2916 1733 2973; x_wconf 63' lang='lat' dir='ltr'>“Ab</span> <span class='ocrx_word' id='word_1_375' title='bbox 1755 2915 1799 2973; x_wconf 52' lang='grc' dir='ltr'>ἐπ’*</span> <span class='ocrx_word' id='word_1_376' title='bbox 1812 2923 1878 2975; x_wconf 59' lang='lat'>²²3⁵*</span> 
     </span>
    </p>
   </div>
   <div class='ocr_carea' id='block_1_5' title="bbox 276 3008 1881 4353">
    <p class='ocr_par' dir='ltr' id='par_1_5' title="bbox 299 3008 1857 3349">
     <span class='ocr_line' id='line_1_31' title="bbox 299 3008 1857 3106; baseline 0.001 -21"><span class='ocrx_word' id='word_1_377' title='bbox 299 3029 373 3086; x_wconf 90' lang='lat' dir='ltr'>rium</span> <span class='ocrx_word' id='word_1_378' title='bbox 386 3051 391 3082; x_wconf 89' lang='lat'><strong>:</strong></span> <span class='ocrx_word' id='word_1_379' title='bbox 404 3028 483 3106; x_wconf 89' lang='lat' dir='ltr'>qnod</span> <span class='ocrx_word' id='word_1_380' title='bbox 497 3027 533 3085; x_wconf 89' lang='lat' dir='ltr'>de</span> <span class='ocrx_word' id='word_1_381' title='bbox 546 3026 699 3088; x_wconf 88' lang='lat' dir='ltr'>Alexandri</span> <span class='ocrx_word' id='word_1_382' title='bbox 710 3027 747 3084; x_wconf 87' lang='grc' dir='ltr'>Μ.</span> <span class='ocrx_word' id='word_1_383' title='bbox 757 3027 860 3084; x_wconf 87' lang='lat' dir='ltr'>comite</span> <span class='ocrx_word' id='word_1_384' title='bbox 870 3026 992 3085; x_wconf 81' lang='lat' dir='ltr'>Choerilo</span> <span class='ocrx_word' id='word_1_385' title='bbox 1002 3046 1070 3084; x_wconf 89' lang='lat' dir='ltr'>nar·</span> <span class='ocrx_word' id='word_1_386' title='bbox 1187 3015 1303 3097; x_wconf 62' lang='grc' dir='ltr'>χοῑρῑλον</span> <span class='ocrx_word' id='word_1_387' title='bbox 1320 3017 1457 3100; x_wconf 56' lang='grc' dir='ltr'>Εὐφορίων</span> <span class='ocrx_word' id='word_1_388' title='bbox 1472 3008 1529 3099; x_wconf 64' lang='grc' dir='ltr'>Εἶχε</span> <span class='ocrx_word' id='word_1_389' title='bbox 1541 3017 1584 3078; x_wconf 53' lang='grc' dir='ltr'>διὰ</span> <span class='ocrx_word' id='word_1_390' title='bbox 1598 3016 1742 3099; x_wconf 64' lang='grc' dir='ltr'>στὸματος,</span> <span class='ocrx_word' id='word_1_391' title='bbox 1757 3024 1818 3080; x_wconf 67' lang='grc' dir='ltr'>κτλ</span> <span class='ocrx_word' id='word_1_392' title='bbox 1845 3072 1857 3097; x_wconf 78' lang='lat'>,</span> 
     </span>
     <span class='ocr_line' id='line_1_32' title="bbox 300 3106 1069 3195; baseline -0.001 -22"><span class='ocrx_word' id='word_1_393' title='bbox 300 3129 378 3173; x_wconf 90' lang='lat' dir='ltr'>ratur</span> <span class='ocrx_word' id='word_1_394' title='bbox 392 3117 503 3195; x_wconf 80' lang='lat' dir='ltr'>(Horat.</span> <span class='ocrx_word' id='word_1_395' title='bbox 523 3106 614 3193; x_wconf 81' lang='lat' dir='ltr'>Epist.</span> <span class='ocrx_word' id='word_1_396' title='bbox 632 3115 669 3190; x_wconf 88' lang='lat' dir='ltr'>ll,</span> <span class='ocrx_word' id='word_1_397' title='bbox 690 3136 715 3186; x_wconf 88' lang='lat' dir='ltr'>r,</span> <span class='ocrx_word' id='word_1_398' title='bbox 734 3114 970 3191; x_wconf 67' lang='lat' dir='ltr'>asternunt),</span> <span class='ocrx_word' id='word_1_399' title='bbox 987 3114 1069 3172; x_wconf 88' lang='lat' dir='ltr'>istam</span> 
     </span>
     <span class='ocr_line' id='line_1_33' title="bbox 300 3201 1068 3283; baseline -0.004 -21"><span class='ocrx_word' id='word_1_400' title='bbox 300 3202 430 3262; x_wconf 80' lang='lat' dir='ltr'>fabellam</span> <span class='ocrx_word' id='word_1_401' title='bbox 442 3205 564 3283; x_wconf 90' lang='lat' dir='ltr'>peperit.</span> <span class='ocrx_word' id='word_1_402' title='bbox 578 3201 649 3260; x_wconf 83' lang='lat' dir='ltr'>vide</span> <span class='ocrx_word' id='word_1_403' title='bbox 662 3202 791 3260; x_wconf 83' lang='lat' dir='ltr'>Naetinn</span> <span class='ocrx_word' id='word_1_404' title='bbox 804 3221 832 3281; x_wconf 78' lang='lat' dir='ltr'>p,</span> <span class='ocrx_word' id='word_1_405' title='bbox 849 3204 975 3274; x_wconf 71' lang='lat' dir='ltr'>tto-86,</span> <span class='ocrx_word' id='word_1_406' title='bbox 991 3204 1068 3278; x_wconf 86' lang='grc'><strong>89-</strong></span> 
     </span>
     <span class='ocr_line' id='line_1_34' title="bbox 324 3312 350 3349; baseline 0.038 -1"><span class='ocrx_word' id='word_1_407' title='bbox 324 3312 350 3349; x_wconf 83' lang='lat' dir='ltr'>a.</span> 
     </span>
    </p>

    <p class='ocr_par' dir='ltr' id='par_1_6' title="bbox 300 3312 1881 4072">
     <span class='ocr_line' id='line_1_35' title="bbox 300 3312 1068 3455; baseline -0.001 -20"><span class='ocrx_word' id='word_1_408' title='bbox 300 3312 318 3368; x_wconf 75' lang='lat'><strong>9</strong></span> <span class='ocrx_word' id='word_1_409' title='bbox 338 3383 472 3436; x_wconf 85' lang='lat' dir='ltr'>anr&#39;aca</span> <span class='ocrx_word' id='word_1_410' title='bbox 482 3376 586 3455; x_wconf 86' lang='lat' dir='ltr'>dispici</span> <span class='ocrx_word' id='word_1_411' title='bbox 598 3396 655 3434; x_wconf 90' lang='lat' dir='ltr'>non</span> <span class='ocrx_word' id='word_1_412' title='bbox 669 3387 765 3453; x_wconf 89' lang='lat' dir='ltr'>potest</span> <span class='ocrx_word' id='word_1_413' title='bbox 778 3375 862 3453; x_wconf 91' lang='lat' dir='ltr'>quale</span> <span class='ocrx_word' id='word_1_414' title='bbox 870 3387 1068 3452; x_wconf 76' lang='lat' dir='ltr'>argumentum</span> 
     </span>
     <span class='ocr_line' id='line_1_36' title="bbox 300 3443 1505 3540; baseline -0.001 -16"><span class='ocrx_word' id='word_1_415' title='bbox 300 3465 520 3525; x_wconf 86' lang='lat' dir='ltr'>habuerintnisi</span> <span class='ocrx_word' id='word_1_416' title='bbox 533 3465 640 3524; x_wconf 90' lang='lat' dir='ltr'>bellum</span> <span class='ocrx_word' id='word_1_417' title='bbox 657 3463 834 3522; x_wconf 84' lang='lat' dir='ltr'>Lamiacum:</span> <span class='ocrx_word' id='word_1_418' title='bbox 845 3463 955 3540; x_wconf 92' lang='lat' dir='ltr'>quodsi</span> <span class='ocrx_word' id='word_1_419' title='bbox 967 3465 1006 3522; x_wconf 86' lang='lat' dir='ltr'>ita</span> <span class='ocrx_word' id='word_1_420' title='bbox 1018 3478 1069 3535; x_wconf 87' lang='lat' dir='ltr'>est,</span> <span class='ocrx_word' id='word_1_421' title='bbox 1481 3443 1505 3503; x_wconf 85' lang='grc' dir='ltr'>Ῑ·</span> 
     </span>
     <span class='ocr_line' id='line_1_37' title="bbox 300 3546 1881 3633; baseline -0.001 -21"><span class='ocrx_word' id='word_1_422' title='bbox 300 3553 359 3612; x_wconf 86' lang='lat' dir='ltr'>lieri</span> <span class='ocrx_word' id='word_1_423' title='bbox 376 3555 476 3632; x_wconf 89' lang='lat' dir='ltr'>nequit</span> <span class='ocrx_word' id='word_1_424' title='bbox 486 3565 519 3612; x_wconf 92' lang='lat' dir='ltr'>ut</span> <span class='ocrx_word' id='word_1_425' title='bbox 531 3554 568 3612; x_wconf 89' lang='lat' dir='ltr'>ad</span> <span class='ocrx_word' id='word_1_426' title='bbox 582 3552 709 3612; x_wconf 87' lang='lat' dir='ltr'>Samium</span> <span class='ocrx_word' id='word_1_427' title='bbox 722 3551 888 3611; x_wconf 82' lang='lat' dir='ltr'>referantur.</span> <span class='ocrx_word' id='word_1_428' title='bbox 903 3552 1016 3611; x_wconf 78' lang='lat' dir='ltr'>Naelsius</span> <span class='ocrx_word' id='word_1_429' title='bbox 1031 3554 1067 3633; x_wconf 86' lang='lat' dir='ltr'>(p</span> <span class='ocrx_word' id='word_1_430' title='bbox 1149 3546 1266 3605; x_wconf 87' lang='lat' dir='ltr'>Aristot.</span> <span class='ocrx_word' id='word_1_431' title='bbox 1282 3547 1397 3607; x_wconf 86' lang='lat' dir='ltr'>Rhetor.</span> <span class='ocrx_word' id='word_1_432' title='bbox 1411 3550 1461 3623; x_wconf 83' lang='grc' dir='ltr'><strong>ΙΙΙ,</strong></span> <span class='ocrx_word' id='word_1_433' title='bbox 1479 3558 1523 3622; x_wconf 79' lang='lat' dir='ltr'>tl,</span> <span class='ocrx_word' id='word_1_434' title='bbox 1539 3557 1570 3618; x_wconf 73' lang='lat'>4:</span> <span class='ocrx_word' id='word_1_435' title='bbox 1581 3547 1646 3611; x_wconf 81' lang='grc' dir='ltr'>Ἔτι</span> <span class='ocrx_word' id='word_1_436' title='bbox 1660 3550 1685 3609; x_wconf 79' lang='grc' dir='ltr'>δ’</span> <span class='ocrx_word' id='word_1_437' title='bbox 1694 3552 1725 3610; x_wconf 73' lang='lat' dir='ltr'>la</span> <span class='ocrx_word' id='word_1_438' title='bbox 1739 3554 1791 3611; x_wconf 81' lang='grc' dir='ltr'>τῶν</span> <span class='ocrx_word' id='word_1_439' title='bbox 1802 3552 1881 3613; x_wconf 81' lang='grc' dir='ltr'>δοια-</span> 
     </span>
     <span class='ocr_line' id='line_1_38' title="bbox 305 3632 1878 3723; baseline 0.001 -24"><span class='ocrx_word' id='word_1_440' title='bbox 305 3642 369 3717; x_wconf 78' lang='lat' dir='ltr'>ror)</span> <span class='ocrx_word' id='word_1_441' title='bbox 392 3640 428 3699; x_wconf 91' lang='lat' dir='ltr'>ad</span> <span class='ocrx_word' id='word_1_442' title='bbox 449 3641 604 3701; x_wconf 84' lang='lat' dir='ltr'>Alexandri</span> <span class='ocrx_word' id='word_1_443' title='bbox 633 3641 671 3699; x_wconf 88' lang='grc' dir='ltr'>Μ.</span> <span class='ocrx_word' id='word_1_444' title='bbox 697 3640 831 3698; x_wconf 89' lang='lat' dir='ltr'>comitem</span> <span class='ocrx_word' id='word_1_445' title='bbox 862 3639 966 3698; x_wconf 85' lang='lat' dir='ltr'>retulit.</span> <span class='ocrx_word' id='word_1_446' title='bbox 989 3640 1065 3700; x_wconf 87' lang='lat' dir='ltr'>Idem</span> <span class='ocrx_word' id='word_1_447' title='bbox 1108 3635 1187 3692; x_wconf 84' lang='grc' dir='ltr'>νικῶν</span> <span class='ocrx_word' id='word_1_448' title='bbox 1206 3632 1367 3716; x_wconf 77' lang='grc' dir='ltr'>προοιμίων·</span> <span class='ocrx_word' id='word_1_449' title='bbox 1384 3640 1462 3695; x_wconf 83' lang='grc' dir='ltr'>τοῦτο</span> <span class='ocrx_word' id='word_1_450' title='bbox 1484 3636 1507 3696; x_wconf 88' lang='grc' dir='ltr'>δ’</span> <span class='ocrx_word' id='word_1_451' title='bbox 1524 3635 1605 3713; x_wconf 84' lang='grc' dir='ltr'>ἔστιν,</span> <span class='ocrx_word' id='word_1_452' title='bbox 1623 3640 1653 3697; x_wconf 78' lang='grc' dir='ltr'>ἐκ</span> <span class='ocrx_word' id='word_1_453' title='bbox 1668 3642 1721 3698; x_wconf 77' lang='grc' dir='ltr'>τῶν</span> <span class='ocrx_word' id='word_1_454' title='bbox 1748 3638 1814 3723; x_wconf 82' lang='grc' dir='ltr'>πρὸς</span> <span class='ocrx_word' id='word_1_455' title='bbox 1834 3640 1878 3700; x_wconf 70' lang='grc' dir='ltr'>τσο</span> 
     </span>
     <span class='ocr_line' id='line_1_39' title="bbox 300 3719 1879 3811; baseline 0.001 -24"><span class='ocrx_word' id='word_1_456' title='bbox 300 3728 437 3788; x_wconf 84' lang='lat' dir='ltr'>Choerilus</span> <span class='ocrx_word' id='word_1_457' title='bbox 458 3729 578 3788; x_wconf 88' lang='lat' dir='ltr'>Iasensis</span> <span class='ocrx_word' id='word_1_458' title='bbox 607 3727 719 3787; x_wconf 87' lang='lat' dir='ltr'>videtur</span> <span class='ocrx_word' id='word_1_459' title='bbox 738 3728 838 3802; x_wconf 87' lang='lat' dir='ltr'>fuisse,</span> <span class='ocrx_word' id='word_1_460' title='bbox 863 3740 894 3786; x_wconf 92' lang='lat' dir='ltr'>ut</span> <span class='ocrx_word' id='word_1_461' title='bbox 924 3727 1070 3788; x_wconf 80' lang='lat' dir='ltr'>Fabricius</span> <span class='ocrx_word' id='word_1_462' title='bbox 1109 3719 1284 3803; x_wconf 73' lang='grc' dir='ltr'>ἅκροατλν,εἷ</span> <span class='ocrx_word' id='word_1_463' title='bbox 1298 3722 1518 3807; x_wconf 64' lang='grc' dir='ltr'>πορλταρσδοῖου</span> <span class='ocrx_word' id='word_1_464' title='bbox 1531 3723 1725 3811; x_wconf 54' lang='lat' dir='ltr'>lisaniam</span> <span class='ocrx_word' id='word_1_465' title='bbox 1745 3730 1879 3809; x_wconf 70' lang='grc' dir='ltr'>χαλεποῦ,</span> 
     </span>
     <span class='ocr_line' id='line_1_40' title="bbox 300 3806 1879 3899; baseline 0.002 -25"><span class='ocrx_word' id='word_1_466' title='bbox 300 3818 409 3890; x_wconf 87' lang='lat' dir='ltr'>statuit,</span> <span class='ocrx_word' id='word_1_467' title='bbox 424 3818 621 3877; x_wconf 82' lang='lat' dir='ltr'>consentiente</span> <span class='ocrx_word' id='word_1_468' title='bbox 638 3818 736 3876; x_wconf 84' lang='lat' dir='ltr'>Naelsio</span> <span class='ocrx_word' id='word_1_469' title='bbox 753 3817 793 3895; x_wconf 85' lang='lat' dir='ltr'>(p.</span> <span class='ocrx_word' id='word_1_470' title='bbox 808 3827 844 3886; x_wconf 86' lang='grc' dir='ltr'>4ο</span> <span class='ocrx_word' id='word_1_471' title='bbox 856 3816 933 3895; x_wconf 85' lang='lat' dir='ltr'>sqq.)</span> <span class='ocrx_word' id='word_1_472' title='bbox 948 3837 955 3873; x_wconf 81' lang='grc' dir='ltr'>ι</span> <span class='ocrx_word' id='word_1_473' title='bbox 970 3816 1019 3876; x_wconf 90' lang='lat' dir='ltr'>sed</span> <span class='ocrx_word' id='word_1_474' title='bbox 1033 3838 1070 3875; x_wconf 84' lang='lat' dir='ltr'>ex</span> <span class='ocrx_word' id='word_1_475' title='bbox 1108 3806 1198 3892; x_wconf 66' lang='grc' dir='ltr'>ἦπῑρῖ</span> <span class='ocrx_word' id='word_1_476' title='bbox 1211 3809 1404 3893; x_wconf 64' lang='lat' dir='ltr'>arepennem</span> <span class='ocrx_word' id='word_1_477' title='bbox 1413 3814 1533 3888; x_wconf 77' lang='grc' dir='ltr'>πολλοῖς,</span> <span class='ocrx_word' id='word_1_478' title='bbox 1546 3812 1614 3875; x_wconf 78' lang='grc' dir='ltr'>ὥστε</span> <span class='ocrx_word' id='word_1_479' title='bbox 1624 3816 1784 3897; x_wconf 80' lang='grc' dir='ltr'>συγγνώμην</span> <span class='ocrx_word' id='word_1_480' title='bbox 1799 3816 1879 3899; x_wconf 77' lang='grc' dir='ltr'>ἔχειν,</span> 
     </span>
     <span class='ocr_line' id='line_1_41' title="bbox 300 3885 1313 3986; baseline 0.001 -22"><span class='ocrx_word' id='word_1_481' title='bbox 300 3906 438 3984; x_wconf 88' lang='lat' dir='ltr'>Stephani</span> <span class='ocrx_word' id='word_1_482' title='bbox 454 3908 522 3983; x_wconf 79' lang='lat' dir='ltr'>Byr.</span> <span class='ocrx_word' id='word_1_483' title='bbox 537 3907 600 3966; x_wconf 94' lang='lat' dir='ltr'>loco</span> <span class='ocrx_word' id='word_1_484' title='bbox 617 3920 715 3985; x_wconf 91' lang='lat' dir='ltr'>aperte</span> <span class='ocrx_word' id='word_1_485' title='bbox 731 3917 869 3984; x_wconf 89' lang='lat' dir='ltr'>corrupto</span> <span class='ocrx_word' id='word_1_486' title='bbox 884 3904 955 3963; x_wconf 87' lang='lat' dir='ltr'>nilril</span> <span class='ocrx_word' id='word_1_487' title='bbox 973 3906 1002 3986; x_wconf 80' lang='lat' dir='ltr'>in</span> <span class='ocrx_word' id='word_1_488' title='bbox 1017 3906 1070 3966; x_wconf 86' lang='lat' dir='ltr'>hac</span> <span class='ocrx_word' id='word_1_489' title='bbox 1109 3885 1161 3954; x_wconf 68' lang='lat' dir='ltr'>titt</span> <span class='ocrx_word' id='word_1_490' title='bbox 1176 3898 1313 3977; x_wconf 68' lang='lat' dir='ltr'>Xotptlot·</span> 
     </span>
     <span class='ocr_line' id='line_1_42' title="bbox 301 3991 1456 4072; baseline 0.003 -22"><span class='ocrx_word' id='word_1_491' title='bbox 301 4013 332 4051; x_wconf 81' lang='lat' dir='ltr'>re</span> <span class='ocrx_word' id='word_1_492' title='bbox 345 4005 441 4072; x_wconf 90' lang='lat' dir='ltr'>potest</span> <span class='ocrx_word' id='word_1_493' title='bbox 460 3996 586 4054; x_wconf 86' lang='lat' dir='ltr'>confici:</span> <span class='ocrx_word' id='word_1_494' title='bbox 604 3991 712 4062; x_wconf 85' lang='grc' dir='ltr'>Ἰασσός.</span> <span class='ocrx_word' id='word_1_495' title='bbox 822 3992 857 4053; x_wconf 90' lang='lat'>‘0</span> <span class='ocrx_word' id='word_1_496' title='bbox 873 3991 981 4066; x_wconf 79' lang='grc' dir='ltr'>πολίτης</span> <span class='ocrx_word' id='word_1_497' title='bbox 996 3993 1070 4054; x_wconf 86' lang='grc' dir='ltr'>Ἰασ-</span> <span class='ocrx_word' id='word_1_498' title='bbox 1254 4038 1261 4063; x_wconf 87' lang='grc'><strong>,</strong></span> <span class='ocrx_word' id='word_1_499' title='bbox 1359 4038 1367 4061; x_wconf 77' lang='grc'><strong>,</strong></span> <span class='ocrx_word' id='word_1_500' title='bbox 1431 4039 1456 4063; x_wconf 80' lang='grc'>,,</span> 
     </span>
    </p>

    <p class='ocr_par' dir='ltr' id='par_1_7' title="bbox 276 4037 1881 4353">
     <span class='ocr_line' id='line_1_43' title="bbox 276 4037 1561 4164; baseline 0.004 -27"><span class='ocrx_word' id='word_1_501' title='bbox 276 4065 282 4075; x_wconf 52' lang='grc'>’</span> <span class='ocrx_word' id='word_1_502' title='bbox 300 4078 373 4155; x_wconf 75' lang='grc' dir='ltr'>σούς,</span> <span class='ocrx_word' id='word_1_503' title='bbox 386 4081 430 4164; x_wconf 74' lang='grc' dir='ltr'>ἄρ’</span> <span class='ocrx_word' id='word_1_504' title='bbox 443 4072 473 4140; x_wconf 70' lang='grc' dir='ltr'>οὗ</span> <span class='ocrx_word' id='word_1_505' title='bbox 486 4081 622 4164; x_wconf 73' lang='grc' dir='ltr'>Χοιρίλλος</span> <span class='ocrx_word' id='word_1_506' title='bbox 634 4080 682 4141; x_wconf 77' lang='grc' dir='ltr'>ἰὼν</span> <span class='ocrx_word' id='word_1_507' title='bbox 694 4079 819 4147; x_wconf 80' lang='grc' dir='ltr'>Ἰασσεύς.</span> <span class='ocrx_word' id='word_1_508' title='bbox 832 4082 878 4142; x_wconf 86' lang='lat' dir='ltr'>Sic</span> <span class='ocrx_word' id='word_1_509' title='bbox 890 4083 974 4141; x_wconf 88' lang='lat' dir='ltr'>etiam</span> <span class='ocrx_word' id='word_1_510' title='bbox 985 4084 1069 4143; x_wconf 88' lang='lat' dir='ltr'>codd.</span> <span class='ocrx_word' id='word_1_511' title='bbox 1169 4041 1224 4101; x_wconf 56' lang='lat' dir='ltr'>ml</span> <span class='ocrx_word' id='word_1_512' title='bbox 1239 4040 1254 4098; x_wconf 64' lang='grc' dir='ltr'><em>δ</em></span> <span class='ocrx_word' id='word_1_513' title='bbox 1274 4037 1416 4100; x_wconf 39' lang='lat' dir='ltr'>&amp;imm</span> <span class='ocrx_word' id='word_1_514' title='bbox 1428 4042 1561 4103; x_wconf 54' lang='lat' dir='ltr'>⁶⁸iml&#39;</span> 
     </span>
     <span class='ocr_line' id='line_1_44' title="bbox 302 4169 1880 4260; baseline 0.001 -33"><span class='ocrx_word' id='word_1_515' title='bbox 302 4169 431 4229; x_wconf 76' lang='lat' dir='ltr'>parisini.</span> <span class='ocrx_word' id='word_1_516' title='bbox 445 4169 550 4231; x_wconf 89' lang='lat' dir='ltr'>Strabo</span> <span class='ocrx_word' id='word_1_517' title='bbox 564 4171 637 4241; x_wconf 86' lang='lat' dir='ltr'>xlv,</span> <span class='ocrx_word' id='word_1_518' title='bbox 650 4191 677 4247; x_wconf 88' lang='lat' dir='ltr'>p.</span> <span class='ocrx_word' id='word_1_519' title='bbox 694 4171 762 4244; x_wconf 83' lang='lat'>658,</span> <span class='ocrx_word' id='word_1_520' title='bbox 776 4170 852 4227; x_wconf 89' lang='lat' dir='ltr'>inter</span> <span class='ocrx_word' id='word_1_521' title='bbox 863 4170 954 4229; x_wconf 90' lang='lat' dir='ltr'>claros</span> <span class='ocrx_word' id='word_1_522' title='bbox 972 4172 1069 4231; x_wconf 88' lang='lat' dir='ltr'>lasen-</span> <span class='ocrx_word' id='word_1_523' title='bbox 1111 4182 1190 4260; x_wconf 68' lang='lat' dir='ltr'>lpsos</span> <span class='ocrx_word' id='word_1_524' title='bbox 1202 4201 1303 4241; x_wconf 60' lang='lat' dir='ltr'>versus</span> <span class='ocrx_word' id='word_1_525' title='bbox 1330 4203 1366 4241; x_wconf 62' lang='lat'>01</span> <span class='ocrx_word' id='word_1_526' title='bbox 1387 4185 1495 4244; x_wconf 62' lang='lat' dir='ltr'><strong>Gfaecjs</strong></span> <span class='ocrx_word' id='word_1_527' title='bbox 1509 4188 1726 4248; x_wconf 50' lang='lat' dir='ltr'>Commentariis</span> <span class='ocrx_word' id='word_1_528' title='bbox 1736 4190 1814 4250; x_wconf 58' lang='lat' dir='ltr'>emi,</span> <span class='ocrx_word' id='word_1_529' title='bbox 1827 4193 1880 4251; x_wconf 68' lang='lat' dir='ltr'>qq,</span> 
     </span>
     <span class='ocr_line' id='line_1_45' title="bbox 302 4256 1881 4353; baseline 0.004 -22"><span class='ocrx_word' id='word_1_530' title='bbox 302 4275 345 4315; x_wconf 66' lang='lat'>³⁸⁸</span> <span class='ocrx_word' id='word_1_531' title='bbox 358 4277 416 4316; x_wconf 74' lang='lat'>⁰⁰¹¹</span> <span class='ocrx_word' id='word_1_532' title='bbox 431 4269 560 4317; x_wconf 59' lang='lat' dir='ltr'>recenset</span> <span class='ocrx_word' id='word_1_533' title='bbox 578 4256 739 4318; x_wconf 67' lang='lat' dir='ltr'>Choefllum·</span> <span class='ocrx_word' id='word_1_534' title='bbox 760 4258 862 4315; x_wconf 60' lang='lat' dir='ltr'>Celeia</span> <span class='ocrx_word' id='word_1_535' title='bbox 880 4258 1019 4330; x_wconf 63' lang='lat' dir='ltr'>carmina,</span> <span class='ocrx_word' id='word_1_536' title='bbox 1033 4259 1070 4318; x_wconf 64' lang='lat' dir='ltr'>ab</span> <span class='ocrx_word' id='word_1_537' title='bbox 1109 4271 1224 4341; x_wconf 70' lang='lat' dir='ltr'>dorius,</span> <span class='ocrx_word' id='word_1_538' title='bbox 1238 4291 1331 4349; x_wconf 90' lang='lat' dir='ltr'>nuper</span> <span class='ocrx_word' id='word_1_539' title='bbox 1345 4292 1382 4331; x_wconf 82' lang='lat' dir='ltr'>ex</span> <span class='ocrx_word' id='word_1_540' title='bbox 1394 4274 1492 4333; x_wconf 89' lang='lat' dir='ltr'>codice</span> <span class='ocrx_word' id='word_1_541' title='bbox 1503 4266 1639 4353; x_wconf 78' lang='lat' dir='ltr'>produxit</span> <span class='ocrx_word' id='word_1_542' title='bbox 1653 4277 1838 4339; x_wconf 86' lang='lat' dir='ltr'>Gaislordius</span> <span class='ocrx_word' id='word_1_543' title='bbox 1850 4280 1881 4338; x_wconf 85' lang='lat' dir='ltr'>in</span> 
     </span>
    </p>
   </div>
   <div class='ocr_carea' id='block_1_6' title="bbox 301 4343 1881 4529">
    <p class='ocr_par' dir='ltr' id='par_1_8' title="bbox 301 4343 1881 4529">
     <span class='ocr_line' id='line_1_46' title="bbox 302 4343 1881 4443; baseline 0.013 -43"><span class='ocrx_word' id='word_1_544' title='bbox 302 4345 446 4403; x_wconf 91' lang='lat' dir='ltr'>nonnullis</span> <span class='ocrx_word' id='word_1_545' title='bbox 461 4343 637 4422; x_wconf 86' lang='lat' dir='ltr'>abjudicata,</span> <span class='ocrx_word' id='word_1_546' title='bbox 658 4357 690 4402; x_wconf 93' lang='lat' dir='ltr'>ut</span> <span class='ocrx_word' id='word_1_547' title='bbox 703 4344 827 4416; x_wconf 86' lang='lat' dir='ltr'>videtur,</span> <span class='ocrx_word' id='word_1_548' title='bbox 842 4344 964 4405; x_wconf 81' lang='lat' dir='ltr'>Choerilo</span> <span class='ocrx_word' id='word_1_549' title='bbox 979 4344 1069 4430; x_wconf 77' lang='grc' dir='ltr'>(ρὲρε-</span> <span class='ocrx_word' id='word_1_550' title='bbox 1109 4359 1177 4416; x_wconf 74' lang='lat' dir='ltr'>edit,</span> <span class='ocrx_word' id='word_1_551' title='bbox 1191 4359 1358 4420; x_wconf 75' lang='lat' dir='ltr'>Rhetorices</span> <span class='ocrx_word' id='word_1_552' title='bbox 1370 4382 1398 4440; x_wconf 78' lang='lat' dir='ltr'>p,</span> <span class='ocrx_word' id='word_1_553' title='bbox 1414 4364 1470 4432; x_wconf 75' lang='grc'>448</span> <span class='ocrx_word' id='word_1_554' title='bbox 1482 4382 1524 4443; x_wconf 79' lang='lat' dir='ltr'>sq,</span> <span class='ocrx_word' id='word_1_555' title='bbox 1533 4364 1624 4443; x_wconf 81' lang='lat' dir='ltr'>(quod</span> <span class='ocrx_word' id='word_1_556' title='bbox 1634 4384 1671 4426; x_wconf 72' lang='lat' dir='ltr'>ex</span> <span class='ocrx_word' id='word_1_557' title='bbox 1677 4367 1768 4429; x_wconf 76' lang='lat' dir='ltr'>Naekii</span> <span class='ocrx_word' id='word_1_558' title='bbox 1782 4366 1881 4427; x_wconf 62' lang='lat' dir='ltr'>libello</span> 
     </span>
     <span class='ocr_line' id='line_1_47' title="bbox 301 4431 1479 4529; baseline 0.009 -39"><span class='ocrx_word' id='word_1_559' title='bbox 301 4431 366 4511; x_wconf 82' lang='grc' dir='ltr'>ται),</span> <span class='ocrx_word' id='word_1_560' title='bbox 381 4432 483 4491; x_wconf 88' lang='lat' dir='ltr'>Suidas</span> <span class='ocrx_word' id='word_1_561' title='bbox 500 4453 558 4491; x_wconf 91' lang='lat' dir='ltr'>non</span> <span class='ocrx_word' id='word_1_562' title='bbox 570 4432 708 4492; x_wconf 89' lang='lat' dir='ltr'>nominat.</span> <span class='ocrx_word' id='word_1_563' title='bbox 720 4433 787 4492; x_wconf 91' lang='lat' dir='ltr'>Sine</span> <span class='ocrx_word' id='word_1_564' title='bbox 804 4431 896 4492; x_wconf 92' lang='lat' dir='ltr'>dubio</span> <span class='ocrx_word' id='word_1_565' title='bbox 906 4447 1031 4495; x_wconf 88' lang='lat' dir='ltr'>erratum</span> <span class='ocrx_word' id='word_1_566' title='bbox 1041 4436 1070 4494; x_wconf 93' lang='lat' dir='ltr'>in</span> <span class='ocrx_word' id='word_1_567' title='bbox 1109 4446 1139 4504; x_wconf 76' lang='lat' dir='ltr'>in</span> <span class='ocrx_word' id='word_1_568' title='bbox 1152 4446 1187 4508; x_wconf 72' lang='lat' dir='ltr'>sr,</span> <span class='ocrx_word' id='word_1_569' title='bbox 1206 4467 1239 4505; x_wconf 82' lang='lat'>12</span> <span class='ocrx_word' id='word_1_570' title='bbox 1256 4448 1343 4509; x_wconf 72' lang='lat' dir='ltr'>citato</span> <span class='ocrx_word' id='word_1_571' title='bbox 1361 4449 1479 4529; x_wconf 52' lang='lat' dir='ltr'>didm:</span> 
     </span>
    </p>
   </div>
   <div class='ocr_carea' id='block_1_7' title="bbox 303 4518 1069 4606">
    <p class='ocr_par' dir='ltr' id='par_1_9' title="bbox 303 4518 1069 4606">
     <span class='ocr_line' id='line_1_48' title="bbox 303 4518 1069 4606; baseline 0.007 -30"><span class='ocrx_word' id='word_1_572' title='bbox 303 4518 348 4577; x_wconf 87' lang='lat' dir='ltr'>bis</span> <span class='ocrx_word' id='word_1_573' title='bbox 366 4518 511 4592; x_wconf 86' lang='lat' dir='ltr'>Eudociae,</span> <span class='ocrx_word' id='word_1_574' title='bbox 531 4520 644 4580; x_wconf 84' lang='lat' dir='ltr'>Persica</span> <span class='ocrx_word' id='word_1_575' title='bbox 663 4522 860 4599; x_wconf 71' lang='lat' dir='ltr'>pretereuntis</span> <span class='ocrx_word' id='word_1_576' title='bbox 878 4543 885 4578; x_wconf 77' lang='grc' dir='ltr'>ι</span> <span class='ocrx_word' id='word_1_577' title='bbox 901 4519 1023 4606; x_wconf 82' lang='grc' dir='ltr'>Ἔγραψε</span> <span class='ocrx_word' id='word_1_578' title='bbox 1042 4520 1069 4582; x_wconf 79' lang='grc' dir='ltr'>δὲ</span> 
     </span>
    </p>
   </div>
   <div class='ocr_carea' id='block_1_8' title="bbox 1109 3160 1879 3416">
    <p class='ocr_par' dir='ltr' id='par_1_10' title="bbox 1109 3160 1879 3416">
     <span class='ocr_line' id='line_1_49' title="bbox 1148 3160 1879 3238; baseline 0.008 -21"><span class='ocrx_word' id='word_1_579' title='bbox 1148 3162 1220 3217; x_wconf 90' lang='lat' dir='ltr'>Octo</span> <span class='ocrx_word' id='word_1_580' title='bbox 1230 3180 1294 3237; x_wconf 85' lang='lat' dir='ltr'>quae</span> <span class='ocrx_word' id='word_1_581' title='bbox 1305 3172 1463 3237; x_wconf 88' lang='lat' dir='ltr'>sequuntur</span> <span class='ocrx_word' id='word_1_582' title='bbox 1472 3160 1628 3238; x_wconf 78' lang='lat' dir='ltr'>fragmenta</span> <span class='ocrx_word' id='word_1_583' title='bbox 1639 3175 1667 3221; x_wconf 91' lang='lat' dir='ltr'>et</span> <span class='ocrx_word' id='word_1_584' title='bbox 1677 3161 1879 3223; x_wconf 78' lang='lat' dir='ltr'>duodecimum</span> 
     </span>
     <span class='ocr_line' id='line_1_50' title="bbox 1109 3248 1879 3332; baseline 0.01 -27"><span class='ocrx_word' id='word_1_585' title='bbox 1109 3248 1170 3306; x_wconf 93' lang='lat' dir='ltr'>sine</span> <span class='ocrx_word' id='word_1_586' title='bbox 1195 3249 1285 3306; x_wconf 89' lang='lat' dir='ltr'>dubio</span> <span class='ocrx_word' id='word_1_587' title='bbox 1316 3269 1352 3307; x_wconf 80' lang='lat' dir='ltr'>ex</span> <span class='ocrx_word' id='word_1_588' title='bbox 1384 3248 1516 3308; x_wconf 87' lang='lat' dir='ltr'>Perseide</span> <span class='ocrx_word' id='word_1_589' title='bbox 1545 3264 1678 3329; x_wconf 87' lang='lat' dir='ltr'>sumpta:</span> <span class='ocrx_word' id='word_1_590' title='bbox 1695 3253 1732 3311; x_wconf 88' lang='lat' dir='ltr'>de</span> <span class='ocrx_word' id='word_1_591' title='bbox 1761 3253 1879 3332; x_wconf 80' lang='lat' dir='ltr'>reliquis</span> 
     </span>
     <span class='ocr_line' id='line_1_51' title="bbox 1109 3337 1486 3416; baseline 0.003 -23"><span class='ocrx_word' id='word_1_592' title='bbox 1109 3349 1186 3393; x_wconf 90' lang='lat' dir='ltr'>certo</span> <span class='ocrx_word' id='word_1_593' title='bbox 1203 3337 1288 3395; x_wconf 87' lang='lat' dir='ltr'>statui</span> <span class='ocrx_word' id='word_1_594' title='bbox 1309 3357 1366 3395; x_wconf 92' lang='lat' dir='ltr'>non</span> <span class='ocrx_word' id='word_1_595' title='bbox 1383 3350 1486 3416; x_wconf 83' lang='lat' dir='ltr'>potest.</span> 
     </span>
    </p>
   </div>
   <div class='ocr_carea' id='block_1_9' title="bbox 302 4587 1884 4843">
    <p class='ocr_par' dir='ltr' id='par_1_11' title="bbox 302 4587 1884 4843">
     <span class='ocr_line' id='line_1_52' title="bbox 302 4587 1853 4694; baseline 0.009 -27"><span class='ocrx_word' id='word_1_596' title='bbox 302 4607 441 4676; x_wconf 71' lang='lat' dir='ltr'>intercide</span> <span class='ocrx_word' id='word_1_597' title='bbox 453 4606 563 4684; x_wconf 60' lang='grc' dir='ltr'>πολλὰς,</span> <span class='ocrx_word' id='word_1_598' title='bbox 576 4608 621 4669; x_wconf 83' lang='lat' dir='ltr'>rud</span> <span class='ocrx_word' id='word_1_599' title='bbox 636 4609 835 4694; x_wconf 71' lang='grc' dir='ltr'>ίπιγροίμματοι,</span> <span class='ocrx_word' id='word_1_600' title='bbox 850 4611 895 4671; x_wconf 76' lang='grc' dir='ltr'>καὶ</span> <span class='ocrx_word' id='word_1_601' title='bbox 920 4612 1068 4694; x_wconf 79' lang='grc' dir='ltr'>κωμῳδίας.</span> <span class='ocrx_word' id='word_1_602' title='bbox 1171 4587 1200 4656; x_wconf 70' lang='lat' dir='ltr'>³A</span> <span class='ocrx_word' id='word_1_603' title='bbox 1215 4597 1315 4681; x_wconf 60' lang='grc' dir='ltr'>μάκαρ,</span> <span class='ocrx_word' id='word_1_604' title='bbox 1326 4597 1396 4667; x_wconf 65' lang='lat'>3⁶³2&lt;</span> <span class='ocrx_word' id='word_1_605' title='bbox 1407 4599 1452 4674; x_wconf 69' lang='lat' dir='ltr'>tn</span> <span class='ocrx_word' id='word_1_606' title='bbox 1462 4609 1546 4663; x_wconf 61' lang='grc' dir='ltr'>κεῖνον</span> <span class='ocrx_word' id='word_1_607' title='bbox 1561 4602 1654 4686; x_wconf 66' lang='grc' dir='ltr'>χρόνον</span> <span class='ocrx_word' id='word_1_608' title='bbox 1669 4604 1734 4689; x_wconf 63' lang='grc' dir='ltr'>ἴδρις</span> <span class='ocrx_word' id='word_1_609' title='bbox 1749 4607 1853 4682; x_wconf 44' lang='lat' dir='ltr'>Ambit,</span> 
     </span>
     <span class='ocr_line' id='line_1_53' title="bbox 303 4696 1870 4804; baseline 0.011 -50"><span class='ocrx_word' id='word_1_610' title='bbox 303 4696 385 4757; x_wconf 83' lang='lat' dir='ltr'>Cons.</span> <span class='ocrx_word' id='word_1_611' title='bbox 398 4699 472 4757; x_wconf 78' lang='lat' dir='ltr'>Naelr.</span> <span class='ocrx_word' id='word_1_612' title='bbox 483 4718 513 4778; x_wconf 89' lang='lat' dir='ltr'>p.</span> <span class='ocrx_word' id='word_1_613' title='bbox 534 4719 583 4757; x_wconf 89' lang='lat' dir='ltr'>rot</span> <span class='ocrx_word' id='word_1_614' title='bbox 600 4719 642 4777; x_wconf 82' lang='lat' dir='ltr'>sq.</span> <span class='ocrx_word' id='word_1_615' title='bbox 1172 4704 1448 4804; x_wconf 68' lang='grc' dir='ltr'>Μουσάωνθιροίτιομ,</span> <span class='ocrx_word' id='word_1_616' title='bbox 1459 4706 1498 4768; x_wconf 76' lang='grc' dir='ltr'>ὅτ’</span> <span class='ocrx_word' id='word_1_617' title='bbox 1513 4709 1644 4794; x_wconf 75' lang='grc' dir='ltr'>ἀκήρατος</span> <span class='ocrx_word' id='word_1_618' title='bbox 1654 4703 1687 4785; x_wconf 61' lang='grc' dir='ltr'>ἦν</span> <span class='ocrx_word' id='word_1_619' title='bbox 1701 4712 1740 4771; x_wconf 73' lang='grc' dir='ltr'>ἔτι</span> <span class='ocrx_word' id='word_1_620' title='bbox 1752 4711 1870 4792; x_wconf 69' lang='grc' dir='ltr'>λειμών·</span> 
     </span>
     <span class='ocr_line' id='line_1_54' title="bbox 867 4815 1884 4843; baseline 0.01 -20"><span class='ocrx_word' id='word_1_621' title='bbox 867 4815 1884 4843; x_wconf 73' lang='grc'>--.....-.-,---</span> 
     </span>
    </p>
   </div>
   <div class='ocr_carea' id='block_1_10' title="bbox 335 4874 1884 5032">
    <p class='ocr_par' dir='ltr' id='par_1_12' title="bbox 335 4874 1884 5032">
     <span class='ocr_line' id='line_1_55' title="bbox 335 4874 1884 5032; baseline -0.014 -45"><span class='ocrx_word' id='word_1_622' title='bbox 335 4907 461 4987; x_wconf 74' lang='lat' dir='ltr'>radentia</span> <span class='ocrx_word' id='word_1_623' title='bbox 470 4941 595 5002; x_wconf 70' lang='lat' dir='ltr'>promatis,</span> <span class='ocrx_word' id='word_1_624' title='bbox 605 4939 631 4991; x_wconf 83' lang='lat' dir='ltr'>ld</span> <span class='ocrx_word' id='word_1_625' title='bbox 640 4874 723 5003; x_wconf 70' lang='lat' dir='ltr'>estlear</span> <span class='ocrx_word' id='word_1_626' title='bbox 734 4940 819 5004; x_wconf 78' lang='lat' dir='ltr'>torma,</span> <span class='ocrx_word' id='word_1_627' title='bbox 832 4942 927 5006; x_wconf 77' lang='lat' dir='ltr'>quern</span> <span class='ocrx_word' id='word_1_628' title='bbox 936 4943 1069 4993; x_wconf 87' lang='lat' dir='ltr'>auditorem</span> <span class='ocrx_word' id='word_1_629' title='bbox 1113 4875 1240 4946; x_wconf 69' lang='lat' dir='ltr'>threnn,</span> <span class='ocrx_word' id='word_1_630' title='bbox 1249 4888 1471 4954; x_wconf 61' lang='lat' dir='ltr'>qulcunquemt</span> <span class='ocrx_word' id='word_1_631' title='bbox 1481 4881 1528 4938; x_wconf 64' lang='lat'><strong>¹¹¹⁰</strong></span> <span class='ocrx_word' id='word_1_632' title='bbox 1537 4886 1774 5032; x_wconf 51' lang='lat' dir='ltr'>lempgg‚l&#39;⁶l¹l⁰⁸</span> <span class='ocrx_word' id='word_1_633' title='bbox 1783 4900 1884 4945; x_wconf 62' lang='lat' dir='ltr'>cm·</span> 
     </span>
    </p>
   </div>
   <div class='ocr_carea' id='block_1_11' title="bbox 304 5005 1884 5146">
    <p class='ocr_par' dir='ltr' id='par_1_13' title="bbox 304 5005 1884 5146">
     <span class='ocr_line' id='line_1_56' title="bbox 304 5005 1884 5146; baseline 0.007 -47"><span class='ocrx_word' id='word_1_634' title='bbox 304 5005 1071 5146; x_wconf 38' lang='lat' dir='ltr'>ffiifflgffioemptrffiffiffifvfflfflldffitdffiffl}</span> <span class='ocrx_word' id='word_1_635' title='bbox 1112 5044 1884 5129; x_wconf 83' lang='lat' dir='ltr'>Musarumsamulus,quandoillibatumadhueeratpra·</span> 
     </span>
    </p>
   </div>
   <div class='ocr_carea' id='block_1_12' title="bbox 305 5134 1677 5210">
    <p class='ocr_par' dir='ltr' id='par_1_14' title="bbox 305 5134 1677 5210">
     <span class='ocr_line' id='line_1_57' title="bbox 305 5134 1677 5210; baseline -0.007 -13"><span class='ocrx_word' id='word_1_636' title='bbox 305 5146 376 5210; x_wconf 86' lang='lat' dir='ltr'>quale</span> <span class='ocrx_word' id='word_1_637' title='bbox 386 5148 433 5197; x_wconf 87' lang='lat' dir='ltr'>boc</span> <span class='ocrx_word' id='word_1_638' title='bbox 442 5152 481 5199; x_wconf 87' lang='lat' dir='ltr'>est</span> <span class='ocrx_word' id='word_1_639' title='bbox 491 5149 612 5200; x_wconf 81' lang='lat' dir='ltr'>obortu:</span> <span class='ocrx_word' id='word_1_640' title='bbox 1591 5134 1649 5187; x_wconf 84' lang='lat' dir='ltr'>tunt</span> <span class='ocrx_word' id='word_1_641' title='bbox 1668 5149 1677 5188; x_wconf 76' lang='lat' dir='ltr'>r</span> 
     </span>
    </p>
   </div>
   <div class='ocr_carea' id='block_1_13' title="bbox 0 0 2020 5818">
    <p class='ocr_par' dir='ltr' id='par_1_15' title="bbox 0 0 2020 5818">
     <span class='ocr_line' id='line_1_58' title="bbox 0 0 2020 5818; baseline 0 0"><span class='ocrx_word' id='word_1_642' title='bbox 0 0 2020 5818; x_wconf 95' lang='lat' dir='ltr'> </span> 
     </span>
    </p>
   </div>
  </div>
 </body>
</html>
