3996 5828
260 362 298 413 48
437 357 517 417 ΤΩΝ
538 356 620 416 MEO
641 356 799 416 olttthoh
820 357 851 413 Δ.

318 488 423 551 πάντων
434 486 569 571 Ἀργείων,
582 485 641 565 μέγ’
653 485 796 564 ἐϋμμελίης
808 483 993 564 Ἀγαμέμνων·

275 584 281 594 ’
313 577 412 636 τούνεκ’
424 577 462 635 ἐνί
476 574 611 654 μέσσοισιν
626 572 738 683 ἐύρρονα
752 568 888 655 Νηρηίνην

313 665 452 743 θμνεεν,
438 688 473 731 ως
484 662 586 743 πάσησι
598 660 758 744 μετέπρεπεν
769 661 925 740 εέναλίῃσιν,

261 771 298 810 tao
314 752 389 813 εἵνεκ’
404 730 562 834 ἐϋφροσύνης
575 748 673 809 καί’δ
635 773 656 808 ει
674 771 726 815 εος·
743 749 787 820 ἠδ
773 744 905 806 δ’ἀίουσα

314 841 430 925 τέρπεθ’·
442 845 456 900 ὁ
470 840 492 898 δ’
510 837 648 920 ἱμερόεντα
660 836 745 917 γάμον
760 837 869 907 Πηλῆος
883 833 985 907 ἔνισπε,

313 929 357 989 τόν
371 929 403 1011 ρά
416 931 440 988 oi
454 926 577 985 ἀθάνατοι
592 924 709 1006 μάκαρες
726 946 784 982 συν
774 921 946 995 τεκτόναντο

314 1016 418 1090 Πηλίου
429 1013 543 1096 ἀμρἫ
508 1036 625 1096 καρηνα·
640 1010 685 1072 καί
698 1009 857 1094 ἅμόροτον’
843 1035 878 1078 ως
893 1007 1026 1069 ἐπάσαντο

315 1108 392 1166 δαῖτα
405 1105 468 1187 παρ’
479 1102 655 1182 εἰλαπίνῃσιν,
669 1098 707 1161 δι’
717 1100 807 1160 είδατα
828 1106 884 1161 θεῖα
921 1099 1026 1181 έρουσαι

264 1212 300 1253 tao
317 1194 407 1276 χερσίν
422 1192 466 1254 ὁπ’
480 1190 640 1273 ἀμόροσίησι
653 1190 709 1249 θεαί
728 1188 886 1271 παρενήνεον
898 1124 982 1274 {iper

313 1281 443 1366 χρυσείοις
453 1278 584 1354 κανέοισι,
597 1278 682 1358 Θέμις
693 1280 715 1338 δ’
725 1277 776 1361 ἄρα
791 1278 970 1359 καγχαλόωσα

313 1368 440 1454 ἀργυρέοις
449 1367 574 1427 ἐτίταινεν
588 1366 785 1450 ἐπισπέρχουσα
799 1366 944 1450 τραπέζας,

313 1465 366 1540 πῦρ
374 1458 397 1517 δ’
403 1456 551 1539 Ἥφαιστος
560 1453 646 1514 ἔκαιεν
655 1455 796 1538 ἀκήρατον,
803 1454 870 1537 ἀμρί
881 1454 908 1514 44
914 1456 1026 1542 Νύμιραι

312 1544 459 1628 ἀμύροείην
474 1542 607 1626 ἐκέραιρον
624 1542 662 1602 iat
672 1542 807 1625 χρυσέοισι
817 1542 972 1621 κυπέλλοις,

270 1649 307 1689 tto
321 1633 349 1692 ai
358 1634 380 1691 δ’
392 1631 433 1715 ἀρ’
446 1634 471 1698 ἐς
480 1630 614 1714 δρχηθμδν
627 1630 739 1714 Χάριτες
750 1629 849 1713 τράπεν
862 1632 1013 1715 ίμέροεντα,

316 1724 421 1780 Μοῦσαι
433 1719 455 1777 δ’
469 1720 494 1783 ἐς
506 1716 623 1797 μολπὴν,
635 1715 791 1800 ἐπετέρπετο
801 1719 824 1799 δ’
837 1719 915 1802 ούρεα
924 1721 1025 1798 πάντα,

314 1807 358 1868 καί
370 1806 484 1887 ποταμοί
500 1807 545 1867 καὶ
555 1811 643 1889 θῆρες,
659 1807 754 1866 ἰαίνετο
765 1809 787 1866 δ’
800 1807 904 1891 άρθιτος
918 1811 1005 1895 αἰθὴρ,

317 1896 397 1978 ἄντρα
413 1920 442 1954 τε
458 1895 588 1978 Χείρωνος
601 1895 762 1978 περικαλλέα
775 1897 820 1955 καί
833 1898 886 1956 θεοί
900 1900 983 1960 αὐτοί.

357 1984 412 2045 Καί
422 1983 456 2043 τά
468 1980 515 2061 μέν
529 1981 563 2065 ἀρ
574 1986 680 2055 Νηλῆος
691 1983 733 2052 ἐθς
746 1984 809 2052 πάϊς
821 1986 958 2066 Ἀργείοισι

264 2089 300 2128 itt
316 2070 404 2130 πάντα
414 2071 477 2150 μάλ’
488 2070 601 2150 ἱεμένοις
610 2071 779 2141 κατελέξατο·
790 2073 830 2132 τοὶ
842 2074 865 2135 δ’
880 2070 979 2145 ἀίοντες

313 2158 446 2243 τέρπονθ·
470 2160 531 2227 δςδ’
549 2160 670 2239 Ἀχιλῆος
678 2159 812 2240 ἀμύμονος
824 2160 918 2241 ἀρθιτα
933 2162 997 2246 ἔργα

317 2245 402 2326 μέλπε
418 2245 491 2329 μέσῳ
503 2248 530 2306 ἐν
545 2249 641 2325 ἀγῶνι·
656 2248 737 2315 πολὺς
750 2249 773 2306 δ’
783 2248 901 2331 ἀμρίαχε
914 2251 977 2317 λαδς

318 2334 467 2402 ἀσπασίως·
482 2336 528 2395 ὁδ’
543 2333 585 2416 ἄρ’
599 2333 669 2393 isoes
683 2333 749 2394 ἐλὼν
764 2337 883 2417 ἐρικύδεα
893 2341 967 2420 ρῶτοι

317 2420 455 2500 ἐκπάγλως
468 2420 591 2480 κύδαινεν
606 2421 781 2504 ἀρηρεμένοις
793 2423 928 2483 ἐπέεσσιν·

265 2527 301 2566 rso
319 2509 371 2569 δόιδ
372 2534 405 2590 εχ
405 2508 497 2577 ’ὅπως
509 2509 628 2591 διέπερσε
642 2508 712 2569 κοιτδι
726 2510 838 2570 πλόον
821 2536 903 2572 οιστεα
899 2519 1026 2622 ρωτῶν,

317 2596 407 2656 ἐνδεκα
424 2597 447 2655 δ’
460 2621 493 2656 αυ
478 2589 572 2656 ’κατὰ
585 2606 663 2674 γαῖαν
678 2596 823 2679 ἀπείριτον
839 2597 898 2666 ὡς
884 2616 898 2653 ο
915 2600 1011 2670 ἐδάιξεν

315 2684 451 2767 Τήλεμον,
463 2682 510 2756 444
521 2684 579 2764 βίην
589 2684 719 2768 ἐρικυδέος
731 2685 870 2756 Ἠετίωνος

314 2772 409 2844 Θήύης
422 2773 449 2830 ἐν
464 2771 665 2847 δαπέδοισι,
623 2796 668 2831 και
678 2775 713 2840 ὡς
724 2773 826 2833 Κύκνον
839 2773 931 2836 ἔκτανε
942 2778 1027 2862 δουρί,

316 2852 360 2918 υἷα
381 2859 576 2934 Ποσειδάωνος,
590 2862 625 2920 44’
636 2861 749 2920 ἀντίθεον
760 2861 917 2949 Πολύδωρον

262 2960 299 3002 1⁵5
315 2948 396 3009 καὶΤ
370 2946 491 3030 Τρώῖλον
506 2948 586 3021 θηητδ
587 2972 601 3007 ν
615 2946 777 3028 ἀμύμονάτ’
792 2951 989 3036 Ἀστεροπαῖον·

315 3034 442 3115 αίματιδ’
455 3039 548 3103 eben
504 3035 563 3120 ἐρύθ
565 3059 625 3109 ηνεν
642 3035 708 3108 ἀδην
721 3048 851 3118 ποταμοῖο
866 3040 957 3125 ῥέεθρα

314 3122 433 3198 Ξάνθου,
447 3122 493 3183 καί
502 3121 635 3182 νεκύεσσιν
650 3123 822 3206 ἀπειρεσίοισι
836 3066 951 3211 κάλυθέν

313 3210 400 3269 πάντα
418 3170 475 3293 4404
489 3209 646 3287 κελάδοντα,
656 3215 789 3281 Λυκάονος
802 3215 902 3275 ὁππότε
914 3218 994 3297 θυμδν

313 3298 447 3382 νοσφίσατ’
461 3301 492 3358 ἐκ
504 3297 619 3377 μελέων,
629 3322 750 3380 ποταμου
762 3325 811 3382 σχε
813 3301 883 3376 δδνή
884 3305 1009 3386 χ·ήεντος

261 3404 297 3443 reo
312 3385 465 3469 Ἕκτοράθ
474 3389 509 3454 ὡς
517 3387 668 3468 ἐδάμασσε
675 3388 720 3448 καί
731 3388 1026 3470 ωςέλεΠενθεσίλειαν,

313 3472 444 3546 4444u
373 3497 444 3532 καυ
445 3470 487 3532 tea
500 3474 581 3532 δ’
526 3497 553 3533 ον
568 3472 688 3557 ἐΰθρόνου
697 3475 732 3534 ’il
735 3476 866 3558 ριγενείης.

314 3559 406 3622 liet*
380 3585 414 3619 τα
426 3559 474 3640 μέν
489 3560 640 3645 Ἀργείοισιν
654 3563 851 3642 ἐπισταμένοισι
868 3566 914 3626 καί
928 3570 1015 3635 αιἰτοῖς

313 3648 412 3728 μέλπε,
426 3648 472 3708 καί
485 3652 521 3716 ὣς
533 3647 655 3733 ἐτέτυκτο
670 3647 810 3731 πελώριος,
824 3648 859 3718 ὥς
871 3651 902 3710 τέ
917 3657 941 3712 οἱ
957 3656 1026 3722 οὔτις

311 3736 398 3795 ἔσθενε
411 3736 568 3817 δηριάασθαι
577 3734 710 3811 ἐναντίον,
721 3736 775 3795 οὔτ’
790 3738 817 3795 ἐν
827 3739 928 3807 ἀέθλοις

259 3841 296 3881 res
310 3827 420 3899 αἰζηῶν,
436 3822 480 3882 ὅτε
493 3822 572 3882 ποσσὶ
586 3822 639 3882 νέοι
651 3822 895 3905 περιδηριόωνται,

312 3910 371 3972 οὐδὲ
384 3910 434 3991 μέν
447 3909 575 3993 ίππασίῃ,
586 3908 644 3969 οὐδέ
660 3910 753 3991 σταδίῃ
767 3912 805 3972 ἐνί
819 3912 925 3996 χάρμῃ·

313 3994 406 4058 κάλλεΐ
414 3999 437 4057 θ’
446 3997 605 4066 ὡςΔαναοθς
617 3997 676 4077 μέγ’
686 3998 831 4082 ὑπείρεχεν,
840 4000 875 4068 ὥς
884 4000 914 4060 τέ
924 4004 948 4060 οἱ
956 4002 1025 4075 ἀλκὴ

314 4086 401 4146 ἔπλετ’
415 4084 566 4168 ἀπειρεσίη,
583 4084 657 4145 ὁπότ’
672 4085 761 4169 Ἄρεος
774 4085 866 4147 ίστατο
879 4091 964 4169 δῆρις·

312 4172 438 4253 εὔχετοδ’
453 4173 619 4249 ἀθανάτοισι,
633 4197 678 4234 και
667 4171 750 4232 ὐίεα
763 4183 832 4233 τοῖον
845 4174 946 4234 ἰδέσθαι

259 4280 297 4323 rte
313 4261 411 4338 κείνου,
424 4260 477 4321 ἀπδ
488 4260 602 4343 Σκόροιο
615 4259 806 4321 πολυκλύστοιο
820 4261 943 4341 μολόντα.

353 4350 461 4432 Αργειοι
474 4347 524 4408 δ
506 4372 575 4506 αραζ
572 4357 653 4408 πᾶσιν
667 4348 767 4431 ἐπευριί
769 4374 858 4428 μησαν
870 4351 991 4427 ἔπεσσιν,

313 4436 416 4509 αυτ-εί
392 4460 408 4496 τ
429 4436 526 4519 ἀργυρ
512 4440 575 4506 οπεζ
576 4461 593 4495 οι
605 4434 698 4512 Θέτις,
711 4437 757 4497 καί
773 4440 796 4496 oi
810 4436 889 4521 πόρεν
898 4406 1048 4507 i'rrrrcuel

312 4522 466 4597 ὠκύποδας,
479 4524 539 4593 τούς
551 4523 663 4608 πρόσθεν
678 4525 806 4605 ἐύμμελίῃ
818 4526 927 4608 Ἀχιλῆῖ

311 4611 461 4725 Τήλεμος
443 4635 535 4672 ωπασε
548 4614 630 4695 δῶρον
645 4612 688 4672 ἐπὶ
701 4618 832 4695 προχοῇσι
850 4610 969 4692 Καΐκου,

260 4719 297 4760 17⁵
314 4692 371 4759 ευτε
364 4698 395 4758 ’ἐ
409 4698 565 4779 μοχθίζοντα
579 4706 653 4785 κακῷ
670 4701 730 4784 περὶ
744 4700 816 4762 tinet
825 4702 906 4782 θυμδν

312 4785 420 4861 ἠκέσατ’
437 4786 586 4868 ἐγχείῃ,
553 4812 587 4869 τη
600 4814 644 4867 μιν
661 4790 726 4870 βάλε
740 4788 886 4870 δηριόωνται

313 4878 388 4946 αιίτδς
400 4876 453 4938 έσω
467 4901 521 5011 μηρ
522 4887 574 4938 oio·
585 4879 726 4952 4244oiee4’
738 4878 847 4958 όόοιμον
865 4882 975 4960 αἰχμήν

313 4965 416 5026 Καλ’
377 4989 436 5034 τους
447 4964 495 5045 μέν
509 4965 619 5051 Νέστωρ
630 4967 823 5041 Νηλήϊοςέ
762 4940 857 5034 οίςέτά
824 4991 941 5051 τοιροισιν

1174 352 1649 427 POSTHOMERICORUMLIB.
1667 364 1717 423 tv.

1068 496 1128 562 erat]
1139 498 1297 552 interomaes
1310 501 1420 565 Argivos,
1432 504 1629 569 basta-praestans
1640 512 1814 570 Agamemnon.

1069 584 1126 634 idco
1138 584 1163 634 in
1175 586 1360 651 medio-agmine
1370 587 1503 651 sapientem
1515 571 1665 641 Nemiibem

1070 671 1221 735 celebrabat,
1233 674 1299 738 quod
1311 688 1396 725 omnes
1407 677 1554 740 praecelleret
1566 681 1729 741 bemmatis,

1069 760 1243 813 animi-uirtute
1253 767 1278 813 et
1290 762 1478 815 torma-decore.
1491 767 1551 823 Quae
1560 767 1735 831 eumaudiret,

1070 848 1204 900 laetabatur.
1217 850 1261 901 ille
1277 854 1359 902 autem
1370 852 1401 902 de
1411 853 1486 916 gratis
1497 855 1590 918 nuptiis
1605 856 1668 907 Pelei
1680 855 1838 916 rerba-iecit,

1069 950 1129 1000 quas
1145 938 1293 990 immortales
1304 939 1344 989 Dii
1359 940 1519 992 confecissent

1070 1026 1128 1075 Pelii
1137 1026 1163 1076 iri
1171 1026 1250 1091 jugis,
1261 1030 1286 1078 et
1300 1032 1327 1078 ut
1337 1028 1488 1078 ambrosium
1498 1030 1659 1093 sumpsissent

1069 1112 1151 1163 cibum
1163 1113 1188 1163 in
1200 1112 1333 1177 conrirlie,
1347 1113 1388 1165 uhi
1405 1127 1474 1166 escas
1487 1115 1583 1167 divinas
1597 1116 1724 1168 ailmentes

1069 1200 1157 1264 palmis
1168 1201 1307 1252 caelestibus
1318 1201 1383 1253 dire
1395 1202 1578 1254 acmmuluunt
1589 1207 1661 1255 tiarae

1069 1289 1149 1340 aureis
1160 1290 1273 1339 canistris
1283 1326 1291 1353 ,
1303 1294 1329 1341 et
1338 1289 1438 1341 Themis
1449 1289 1587 1342 manandi

1069 1379 1193 1440 argenteas
1203 1378 1285 1441 posuit
1295 1377 1513 1429 sineeunctaticna
1523 1392 1633 1441 mensas,

1069 1462 1197 1525 ignemque
1205 1462 1328 1513 Vulcanus
1338 1463 1448 1514 accendit
1458 1477 1562 1528 pamm,
1575 1468 1600 1515 et
1608 1466 1678 1527 juxta
1687 1465 1806 1531 Nymphae

1069 1546 1215 1600 ambrosiam
1224 1550 1375 1602 miscuerunt
1385 1551 1410 1600 in
1423 1551 1503 1602 aureis
1519 1550 1634 1615 scyphis,

1069 1643 1141 1702 atque
1149 1638 1180 1688 sd
1191 1637 1344 1689 saltationem
1355 1639 1445 1690 Gratim
1456 1644 1663 1691 seeonrerterunt
1675 1639 1811 1701 amabilem,

1070 1728 1095 1774 et
1105 1727 1183 1775 Musae
1193 1724 1225 1774 ad
1235 1727 1342 1787 mnium,
1355 1725 1421 1775 unde
1430 1724 1613 1775 oblectabantur
1622 1725 1703 1776 cuncti
1716 1731 1825 1787 montes,

1070 1812 1094 1859 et
1105 1823 1188 1860 amnes
1200 1814 1225 1860 et
1234 1809 1328 1873 bestiae,
1343 1813 1368 1860 et
1379 1808 1497 1860 exultavit
1508 1814 1614 1861 ammos
1624 1811 1716 1874 muner,

1069 1902 1186 1962 antraque
1197 1897 1312 1950 chironis
1323 1910 1419 1948 ammas
1431 1902 1456 1948 et
1466 1898 1506 1948 Dii
1516 1898 1570 1962 ipsi.

1099 1990 1132 2037 Et
1142 1987 1194 2036 hec
1206 1984 1305 2049 quidem
1315 1985 1382 2036 Nelei
1391 1985 1500 2049 egregius
1511 1985 1574 2036 lilius
1586 1984 1681 2050 Argivis

1069 2074 1151 2124 omnia
1160 2074 1396 2137 proretisipeorum
1408 2072 1563 2137 memorarit,
1575 2074 1618 2138 qui
1627 2073 1684 2125 hoec
1697 2073 1822 2125 audientes

1070 2162 1260 2213 oblectabantur.
1272 2165 1334 2212 Item
1345 2161 1446 2212 Achillis
1457 2160 1594 2226 praestantia
1602 2161 1747 2211 immortalia
1757 2162 1823 2213 tecte

1070 2249 1200 2301 celebrarit
1217 2249 1297 2301 medic
1313 2249 1340 2300 in
1351 2248 1428 2313 cheu,
1440 2262 1631 2313 numerosaeque
1642 2248 1783 2301 acclamarit
1793 2262 1844 2300 es—

1070 2338 1170 2404 orcitus]
1176 2338 1353 2390 benevolenter,
1362 2337 1422 2389 Inde
1431 2337 1504 2402 igitur
1513 2337 1703 2403 exordioducto,
1718 2338 1837 2389 illustrem

1071 2425 1161 2492 rimus]
1173 2426 1407 2477 mirum-inmodum
1417 2408 1524 2476 laudmit
1532 2426 1732 2477 murenimtthue
1741 2424 1846 2477 serbisz.

1069 2520 1098 2566 ut
1112 2514 1241 2566 duodecim
1251 2514 1395 2565 exsudaret
1406 2513 1468 2566 iuter
1476 2513 1645 2578 ‚navigandum
1658 2514 1747 2579 oppida
1761 2516 1840 2566 homi·

1071 2617 1131 2654 num
1131 2602 1150 2669 ,]
1160 2607 1186 2655 et
1195 2603 1308 2654 undecim
1317 2603 1342 2652 in
1354 2603 1493 2655 continente
1502 2604 1627 2668 ερεοίοεες
1639 2608 1667 2653 ut
1678 2604 1843 2668 percussisset

1069 2691 1215 2757 Telephum,
1227 2694 1253 2743 et
1260 2691 1335 2742 robur
1345 2690 1434 2743 nobilis
1446 2692 1555 2742 Eetionis

1070 2778 1164 2830 Thebes
1175 2779 1203 2830 in
1213 2780 1278 2844 τοίας
1291 2783 1316 2832 et
1327 2785 1355 2831 ut
1367 2784 1478 2843 cycnum
1490 2779 1631 2844 peremisset
1644 2780 1713 2831 basta

1070 2872 1151 2918 ortum
1162 2870 1274 2934 Neptuno
1284 2907 1292 2933 ,
1304 2873 1376 2934 atque
1386 2869 1550 2920 Diis·similem
1564 2868 1727 2933 Polydorum,

1070 2956 1179 3008 Troilum
1189 2957 1263 3008 ειίεει
1274 2958 1409 3022 speciosum
1421 2961 1446 3009 et
1462 2957 1547 3008 tortum
1558 2960 1732 3021 Asteropeum

1071 3050 1095 3096 et
1105 3050 1134 3097 ut
1144 3045 1259 3111 sangnine
1270 3046 1425 3097 rubeiecisset
1436 3058 1534 3111 prorsus
1544 3045 1651 3096 hunnicis
1661 3045 1751 3095 undam

1070 3134 1174 3198 xantu,
1186 3140 1211 3186 et
1222 3134 1381 3186 cadaveribus
1395 3134 1529 3185 innumeris
1542 3134 1675 3184 obtexisset

1071 3224 1151 3271 totum
1163 3220 1266 3271 durium
1277 3221 1460 3286 strepitantem,
1470 3221 1567 3284 quando
1578 3221 1699 3284 Lycaonia
1711 3221 1822 3270 εείιιιυιιι

1070 3310 1389 3373 exterminariteccrpore,
1402 3322 1498 3359 amnem
1510 3322 1584 3374 prope
1594 3321 1732 3361 sonorum:

1070 3402 1094 3447 ct
1105 3400 1131 3446 ut
1146 3399 1249 3448 Hectore
1262 3397 1400 3459 suasisset,
1415 3400 1439 3447 et
1450 3396 1550 3447 vicisset
1558 3396 1751 3456 Penthesileam,

1070 3489 1143 3548 etque
1157 3485 1231 3535 etiam
1241 3484 1318 3535 tilium
1329 3485 1413 3535 dirum
1425 3484 1599 3549 pulerithronae
1609 3488 1716 3535 aurore

1070 3578 1148 3637 Atque
1162 3573 1214 3625 haec
1227 3573 1335 3638 Argivis,
1345 3571 1598 3636 quinon-ignorabant
1606 3576 1630 3622 et
1641 3570 1696 3635 ipsi,

1070 3662 1222 3723 memorarit,
1229 3658 1754 3725 etquamiuissetprceerus,utquecum·ipso
1764 3670 1840 3708 aeuo

1070 3749 1187 3801 vetuisset
1198 3748 1342 3800 contendere
1353 3748 1473 3810 cominus,
1486 3760 1567 3811 neque
1578 3748 1604 3797 in
1616 3746 1747 3797 certamine

1067 3838 1199 3900 juvenum,
1211 3849 1267 3887 cum
1280 3835 1384 3900 pedibus
1398 3835 1495 3899 (corsa)
1505 3835 1614 3899 iuniores
1624 3835 1774 3900 disceptant,

1070 3937 1147 3989 neque
1157 3924 1184 3975 iu
1197 3922 1381 3987 iuduequestri,
1392 3935 1469 3986 neque
1480 3923 1579 3972 stataria
1589 3922 1614 3972 ln
1624 3934 1719 3987 pugn23

1069 4018 1094 4065 et
1101 4019 1128 4065 ut
1135 4014 1212 4064 terme
1222 4014 1318 4062 Danaos
1325 4010 1395 4075 longe
1403 4015 1552 4075 superassct3
1564 4015 1588 4060 et
1598 4022 1655 4073 quae
1665 4008 1712 4074 ipsi
1720 4006 1844 4058 tortitudo

1069 4103 1154 4153 brissei
1164 4099 1298 4162 exceliens,
1311 4113 1368 4149 eum
1379 4099 1463 4149 ltnrtis
1475 4101 1633 4148 exortaesset
1642 4095 1774 4146 eontentio.
1807 4116 1811 4126 ·

1069 4190 1159 4242 Orabat
1167 4189 1240 4253 igitur
1250 4187 1407 4249 immortales,
1418 4186 1527 4235 utetiam
1537 4184 1602 4235 tilius
1611 4183 1666 4233 talis
1675 4181 1799 4233 rideretur

1069 4277 1151 4339 illias,
1163 4278 1262 4338 escyro
1275 4273 1394 4323 unctuosa
1406 4271 1538 4336 proiectus.

1045 4364 1269 4459 litrglriuutem
1278 4362 1373 4426 singula
1380 4358 1745 4420 secundorumoreerceperuut
1753 4354 1844 4410 ruba.

1070 4454 1124 4518 ipsa
1133 4454 1207 4503 mium
1218 4450 1353 4515 argentipes
1363 4447 1468 4499 Thetis·
1480 4451 1505 4498 et
1515 4446 1562 4510 ipsi
1570 4444 1659 4496 obtulit
1669 4457 1744 4508 equos

1069 4540 1192 4605 alipedes,
1201 4551 1263 4604 quos
1274 4536 1333 4588 oiim
1344 4537 1422 4586 haste
1422 4533 1511 4585 valenti
1521 4532 1609 4584 Achilli

1069 4629 1190 4692 Telephus
1201 4626 1301 4678 dederat
1311 4625 1376 4675 douo
1387 4622 1451 4688 apud
1461 4622 1524 4672 ostia
1537 4621 1622 4681 Caici,

1069 4731 1126 4768 cum
1135 4729 1192 4769 eum
1202 4728 1302 4780 mptum
1315 4713 1406 4764 malum
1418 4714 1515 4776 propter
1525 4709 1629 4771 rulnua,
1642 4704 1726 4771 enimi,

1069 4810 1176 4857 curasset
1188 4805 1272 4867 hate,
1283 4814 1397 4867 quaeum
1408 4801 1559 4865 percusserat
1570 4797 1718 4848 inecntlietu

1069 4896 1122 4959 ipse
1130 4894 1156 4944 in
1167 4894 1260 4955 iemur,
1273 4890 1432 4952 iunxeratque
1443 4886 1549 4937 validam
1561 4884 1695 4949 cuspidem.

1069 4988 1148 5047 Atque
1156 4982 1201 5031 hos
1212 4981 1312 5045 quidem
1323 4980 1409 5030 Nestor
1419 4974 1516 5027 iideius
1527 4974 1578 5024 suis
1589 4971 1661 5023 sociis

314 5053 431 5113 ὤπασῑψ
442 5055 498 5113 Οίδ
511 5057 581 5122 ές
550 5080 613 5128 tes<
624 5056 685 5135 ἄγον
700 5054 769 5134 μέγα
783 5056 945 5125 κυδαίνοντες
1045 5096 1049 5147 γ
1069 5071 1178 5132 tradidit,
1189 5084 1231 5134 qur
1225 5068 1274 5119 'ad
1285 5080 1360 5117 nares
1371 5064 1526 5117 deduxerunt
1536 5060 1667 5113 honorilice
1677 5056 1861 5124 predicantes

260 5157 298 5198 teu
315 5140 429 5201 ἀντίθεον
445 5145 567 5222 βασιλῆα.
580 5143 658 5210 Θέτις
672 5146 694 5203 δ’
708 5147 734 5211 ἐς
747 5143 870 5224 μάσσον’
856 5150 946 5225 αγῶνει
1044 5156 1050 5233 l
1070 5162 1182 5214 similem-
1184 5158 1235 5209 Diis
1247 5170 1333 5221 regem.
1343 5156 1427 5207 Thetis
1437 5154 1536 5204 autem
1530 5167 1555 5203 tn
1567 5151 1673 5202 mediam
1684 5158 1783 5198 mm
