3996 5828
325 377 362 423 ⁸⁰
477 384 557 445 ΤΩΝ
579 384 660 443 MEO
681 385 839 442 Olltleutt
861 386 892 443 Z.

358 512 530 600 καρπαλίμως
549 510 680 591 ὤρνυντο·
695 508 772 582 νόησε
786 510 813 568 δέ
827 509 992 587 Δηιδάμεια·

302 626 342 666 tta
358 598 424 668 οἰδα
436 603 458 660 δ’
471 604 527 658 υἱοῦ
542 598 671 680 στέρνοισι
683 598 744 678 περὶ
756 600 899 656 πλατέεσσι
915 602 1039 677 χυθεῖσα,

358 676 493 774 αργαλέως
504 686 634 767 γοάασκεν
645 688 671 751 ές
685 683 794 765 αἰθέρα,
810 685 900 766 μακρὰ
915 689 1012 764 βοῶσα.

358 780 437 839 'iliae
451 782 510 857 βοῦς
521 778 548 833 ἐν
561 774 663 856 ὄρεσσιν
679 771 826 853 ἀπειρέσιον
840 780 976 849 μεμακαῖα

359 868 450 949 πόρτιν
465 864 511 937 ἑὴν
525 863 627 934 δίζηται
640 864 666 919 ἐν
682 861 804 937 ἀγκεσιν,
819 860 887 940 ἀμρί
900 856 928 916 δέ
942 856 1033 939 μακρά

359 956 445 1037 οὔρεος
458 955 583 1011 αἰπεινοῖο
597 946 800 1031 περιόρομέουσι
813 949 943 1005 κολῶναι·

304 1060 343 1098 esu
359 1046 395 1111 ὣς
409 1044 460 1124 ἀρα
471 1039 618 1121 μυρομένης
638 1037 771 1117 ἀμρίαχεν
786 1035 849 1093 αἰπὺ
861 1033 990 1116 μέλαθρον

358 1131 484 1196 πάντοθεν
495 1132 524 1186 ἐκ
535 1127 674 1206 μυχάτων,
687 1126 755 1203 μέγα
765 1124 787 1181 δ’
798 1121 948 1202 ἀαχαλόωσ’
959 1120 1077 1203 ἀγόρευε·

396 1217 511 1291 Τέκνον,
524 1224 571 1274 ποῖ
586 1214 617 1286 δὴ
630 1219 674 1271 νῦν
689 1235 729 1270 σοι
740 1214 782 1277 ἐῢς
793 1210 850 1277 νόος
862 1209 1054 1285 ἐκπεπότηται,

360 1308 440 1367 Ἰλιον
453 1307 479 1372 ἐς
492 1302 643 1382 πολύδακρυ
659 1299 725 1379 μετόι
736 1299 853 1367 ξείνοισιν
869 1297 993 1372 ἕπεσθαι,

359 1388 407 1475 ἧχι
418 1395 507 1460 πολεῖς
521 1391 642 1451 ὀλέκοντο
656 1389 713 1447 κατ’
728 1387 858 1469 ἀργαλέας
872 1386 995 1465 ὑσμίνας,

304 1503 343 1542 τοο
360 1462 405 1542 >tat
417 1506 467 1563 περ
483 1479 654 1556 ἐπιστάμενοι
664 1477 780 1554 πόλεμον
793 1475 837 1534 καί
853 1474 943 1534 ἀεικέα
953 1475 1075 1557 χάρμην;

361 1578 406 1629 νῦν
420 1570 448 1628 δὲ
463 1567 494 1628 σὺ
510 1567 558 1647 μέν
570 1565 627 1632 νέος
643 1565 714 1638 ἐσσὶ,
728 1563 773 1622 καλ
786 1562 859 1622 οὔπω
872 1562 933 1635 δήϊα
946 1563 1010 1644 ἔργα

362 1651 448 1731 οἶδας,
461 1657 477 1715 ὀί
494 1658 517 1714 τ’
533 1655 707 1737 ἀνθρώποισιν
723 1653 880 1711 ἀλάλκουσιν
896 1652 978 1709 κακὸν
993 1643 1074 1732 ἦμαρ.

362 1744 442 1807 iiiii
452 1746 484 1803 σὺ
495 1742 543 1823 μέν
550 1767 599 1821 μευ
608 1742 718 1801 άκουσον
725 1786 733 1815 ,
740 1743 790 1806 ἑοῖς
800 1740 821 1798 δ’
830 1740 866 1797 tut
873 1738 953 1817 μίμνε
964 1737 1075 1815 δόμοισι,

363 1836 400 1914 μή
417 1836 448 1906 δή
460 1856 505 1911 μοι
516 1832 630 1915 Τροίηθε
643 1828 714 1902 κακὴ
727 1827 803 1911 ράτις
815 1827 886 1886 οὔαθ
899 1825 990 1898 ίκηται

307 1941 346 1984 atu
364 1932 417 1982 σεῖο
430 1919 635 2003 καταφθιμένοιο
648 1917 717 1977 κατδι
732 1917 829 1996 μόθον·
844 1919 872 1973 οὐ
886 1914 938 1996 γὰρ
951 1912 997 1973 ὀίω

363 2008 499 2088 ἐλθέμεναί
513 2009 537 2066 α’
555 2007 593 2065 ἔτι
608 2008 683 2087 δεῦρο
699 2004 863 2084 μετάτρσπον
876 2003 903 2070 ἐξ
917 2003 1035 2080 ὁμάδοιο,

364 2097 434 2171 Qttt
448 2096 500 2177 γάρ
514 2094 573 2154 οὐδὲ
588 2093 681 2175 πατὴρ
695 2093 752 2159 τεὸς
765 2092 861 2173 ἔκρυγε
877 2091 936 2173 κῆρ’
953 2086 1077 2163 ἀίδηλον,

365 2188 422 2245 ἀλλ’
436 2184 523 2264 ἐδάμη
536 2182 605 2241 κατίι
619 2184 706 2264 δῆριν,
721 2179 785 2261 ὅπερ
799 2180 844 2238 καί
862 2186 917 2237 σεῖο
930 2177 975 2236 καί
990 2177 1077 2235 άλλων

364 2273 458 2356 ἡρώων
470 2271 634 2355 προρέρεσκε
642 2317 650 2345 ,
665 2267 712 2327 tsi
724 2268 752 2326 δέ
765 2271 789 2325 οἱ
806 2267 900 2324 ἔπλετο
913 2265 1018 2347 μήτηρ,

308 2383 347 2422 ara
365 2363 446 2421 τῶνδε
460 2357 637 2441 δσλορροσόνῃ
652 2358 698 2417 καί
715 2357 838 2436 μήδεσιν,
855 2352 881 2413 οἵ
893 2378 922 2412 σε
936 2354 981 2412 καί
1000 2353 1078 2412 αὐτὸν

364 2452 437 2532 δῆριν
453 2448 496 2507 ἐπί
512 2446 668 2507 στονόεσσαν
681 2443 851 2526 ἐποτρύνουσι
865 2442 977 2501 νέεσθαι.

364 2537 473 2598 Τοῦνεκ’
486 2535 540 2614 ἐγὼ
552 2535 666 2593 δείδοικα
679 2534 740 2616 περί
756 2531 850 2615 κραδίη
861 2528 1019 2612 τρομέουσα,

366 2624 403 2704 μή
419 2647 464 2702 μοι
478 2624 524 2683 καί
544 2622 606 2695 σέο,
620 2620 729 2694 τέκνον,
745 2619 932 2700 ἀπορθιμένοιο
946 2616 1059 2691 πεληται

366 2706 433 2771 εὖνιν
444 2713 645 2793 καλλειρθεῖοαν
661 2707 751 2767 ἀεικέα
764 2707 877 2786 πήματα
890 2705 1011 2785 πάσχειν.

309 2816 353 2857 asu·
365 2803 405 2859 Οὐ
418 2800 470 2881 γάρ
482 2796 525 2857 πώ
537 2821 563 2856 τι
577 2797 681 2876 γυναικί
695 2795 845 2878 κακώτερον
860 2793 938 2873 ἄλγος
950 2796 1065 2868 ἔπεισιν,

364 2887 437 2961 ηότε
449 2888 539 2953 παῖδες
552 2887 680 2959 ὄλωνται,
693 2882 881 2966 ἁπορθιμένοιο
895 2882 939 2940 καί
954 2880 1059 2962 ἀνδρδς,

365 2980 474 3056 χηρωθῇ
490 2974 517 3033 δέ
532 2974 662 3054 μέλαθρον
678 2972 722 3030 ὑπ’
736 2970 866 3052 ἀργαλέου
880 2970 1010 3030 θανάτοιο.

368 3062 468 3124 Αὐτίκα
481 3062 532 3145 γόιρ
549 3061 611 3143 πέρι
625 3064 708 3143 ρῶτες
722 3059 920 3137 ἀποτμήγουσιν
934 3055 1065 3140 ἀρούρας,

364 3152 492 3233 κείρουσιν
504 3149 532 3209 δέ
542 3172 570 3207 τε
582 3150 670 3208 ’πάντα
686 3148 732 3206 καί
742 3150 789 3205 οὐκ
800 3144 923 3224 ἀλέγουσι
935 3145 1068 3224 θέμιστας·

311 3255 350 3294 τεο
367 3239 486 3298 τοῦνεκεν
500 3239 556 3296 οὔτι
572 3240 695 3295 τέτυκται
710 3231 879 3317 ὀϊζυρώτερον
894 3233 960 3292 ἀλλο

367 3329 448 3409 χήρης
461 3330 487 3386 έν
503 3326 654 3407 μεγάροισιν
670 3324 832 3405 ἀκιδνότερον
844 3346 873 3381 τε
887 3322 1015 3400 γυνάικός.

388 3408 427 3476 Ἦ
445 3415 514 3494 μέγα
527 3412 684 3474 κωκύουσα·
700 3410 762 3478 πάϊς
778 3409 806 3469 δέ
820 3435 864 3488 μιν
877 3409 964 3470 ἀντίον
976 3410 1057 3482 ήόδα·

388 3504 499 3585 Θάρσει,
508 3508 591 3583 μῆτερ
598 3505 670 3580 ἐμεῖο
678 3548 685 3575 ,
693 3500 777 3571 κακήν
787 3500 809 3558 δ’
816 3497 972 3579 ἀποπέμπεο
979 3499 1078 3581 ρήμην·

363 3595 393 3649 od
405 3590 455 3672 γόιρ
469 3592 535 3672 ὑπὲρ
549 3589 640 3671 Κῆράς
649 3612 688 3655 τις
700 3588 744 3646 ὑπ’
757 3586 829 3669 Ἀρεῖ
844 3588 976 3666 δάμναται
989 3586 1070 3668 ἀνήρ·

309 3699 348 3737 eeu
365 3683 386 3738 εἰ
400 3679 428 3738 δέ
443 3702 488 3757 μοι
500 3678 606 3756 αἴσιμόν
622 3681 678 3736 ἐστι
692 3676 863 3755 δαμήμεναι,
879 3674 955 3735 εἵνεκ’
966 3676 1080 3756 Ἀχαιῶν

362 3768 482 3840 τεθναίην
498 3766 572 3849 ῥέξας
583 3791 608 3825 τι
623 3767 667 3825 καί
680 3765 751 3833 ἄξιον
769 3764 938 3845 Αἰακίδησιν.

387 3856 439 3923 Ὦς
449 3855 596 3937 φάτοτῷδ
603 3853 718 3933 ἄγχιστα
729 3852 783 3913 κίεν
791 3853 901 3935 γεραρὸς
910 3852 1079 3931 Λυκομήδης,

364 3944 408 4004 καί
422 3943 454 4026 bei
472 3966 516 4022 μιν
530 3946 641 4022 ἰωχμοῖο
654 3939 821 4018 λιλαιόμενόν
834 3940 1005 4023 προσέειπεν·

386 4024 425 4091 Ὧ
439 4029 514 4100 τέκος
527 4029 704 4112 ὀόριμόθυμον
715 4077 723 4105 ,
734 4033 769 4111 ἑῷ
781 4030 861 4112 πατρί
872 4028 967 4111 κάρτος
977 4030 1078 4103 ἐοικὼς,

306 4138 345 4177 aes
362 4111 409 4179 οἰδ
422 4119 461 4179 δτι
472 4119 596 4203 καρτερὸς
609 4120 666 4177 ἐσσί
676 4118 723 4177 καί
731 4118 848 4200 ἀόριμυς·
861 4119 919 4176 ἀλλ’
929 4119 981 4199 ἄρα
991 4118 1037 4177 καί
1045 4117 1080 4186 ὣς

360 4209 405 4267 καί
417 4208 534 4286 πολεμον
548 4208 662 4267 δείδοικα
677 4206 770 4289 πικρὸν
785 4206 831 4265 καὶ
842 4212 915 4284 κῦμα
930 4206 1065 4279 θαλάσσης

361 4296 515 4375 λευγαλέον·
525 4303 619 4355 ναῦται
632 4294 683 4378 γδιρ
698 4296 738 4354 ἀεί
752 4295 846 4375 σχεδὸν
861 4295 926 4355 εἰσίν
940 4295 1057 4378 ὀλέθρου.

365 4385 444 4444 Ἀλλὰ
458 4385 489 4444 εἰ
502 4385 593 4459 δείδιε,
610 4386 714 4458 τέκνον,
727 4381 793 4456 ὀπήν
807 4381 886 4442 πλόον
898 4384 1049 4465 εἰσαρίκηαι

363 4472 469 4555 ὕστερον
489 4472 506 4544 *η
521 4473 649 4555 Τροίηθεν
671 4471 687 4546 ἢ
703 4473 824 4546 ἄλλοθεν,
842 4463 923 4532 οἷοίτε
937 4471 1023 4531 πολλόι

306 4664 345 4702 ³⁰0
361 4654 457 4727 τῆμος,
472 4648 510 4708 ὅτ’
525 4653 662 4733 αἰγοκερῆῖ
679 4648 833 4731 συνέρχεται
846 4646 962 4729 ἠερόεντι

361 4741 461 4813 ἠέλιος,
473 4737 616 4818 μετόπισθε
630 4738 717 4819 βαλὼν
733 4742 833 4819 ῥυτῆρα
848 4734 996 4815 βελέμνων,

361 4825 496 4902 τοξευτήν,
506 4824 549 4885 ὀτε
558 4836 641 4907 χεῖμα
650 4826 743 4905 λυγρόν
756 4825 906 4885 κλονέουσιν
920 4822 1029 4895 οἰελλαι,

362 4916 402 4985 ἠδ’
415 4914 488 4975 ὁπότ’
502 4916 629 4974 ὠκεανοῖο
643 4914 711 4973 κατδι
723 4914 809 4972 πλατὺ
823 4921 911 4993 χεῦμα
924 4912 1046 4994 ρέρονται

363 5002 462 5087 ἄστρα,
476 5004 681 5085 κατερχομένοιο
695 5003 756 5061 ποτί
771 5002 866 5083 κνέρας
879 5002 1020 5080 Ὠρίωνος·

1209 384 1594 449 POSTHOMERICORUM
1614 388 1687 451 llll.
1710 393 1775 455 vlt.

1116 524 1194 589 lectis]
1204 540 1303 591 propere
1312 535 1477 594 surrexerunt,
1488 533 1564 597 idque
1572 536 1681 586 animatis
1687 538 1742 589 ertit
1754 538 1885 594 Deidamia·

1116 616 1244 665 confestim
1255 617 1328 681 igitur
1339 619 1380 669 tilii
1394 622 1531 683 pectoribus
1541 623 1596 673 latis
1608 626 1756 676 circumfusa

1117 702 1298 754 miseris-modis
1308 705 1482 759 lamentataest
1491 709 1521 758 ad
1531 692 1689 771 coelumalte
1701 714 1835 765 eocitmans

1117 790 1184 839 sicut
1196 804 1268 842 vacca
1280 793 1304 842 in
1315 795 1440 846 montibus
1449 796 1592 848 indesinenti
1603 800 1697 861 ningitu

1117 880 1217 930 vitulam
1229 895 1298 931 suain
1309 884 1395 946 quaerit
1406 899 1448 948 per
1459 886 1579 936 convalles
1589 923 1596 948 ,
1608 890 1632 937 et
1644 889 1734 951 passim
1745 890 1817 955 longa

1117 969 1207 1018 montis
1216 967 1274 1019 editi
1284 970 1482 1021 circumiremunt
1492 973 1550 1034 juga
1566 986 1572 1020 :

1116 1051 1150 1101 ita
1162 1054 1210 1103 illo
1221 1055 1347 1119 plangente
1360 1056 1534 1107 circumsouuit
1545 1059 1621 1109 ardun
1633 1059 1720 1109 domus

1117 1138 1224 1201 undique
1234 1154 1263 1189 ex
1276 1142 1451 1203 penetralibus,
1464 1143 1581 1206 valdeque
1592 1144 1715 1207 indignata
1726 1145 1788 1197 diait
1799 1163 1806 1195 ε

1148 1227 1210 1287 Fili,
1222 1242 1271 1291 quo
1285 1243 1349 1279 nunc
1361 1229 1403 1279 tibi
1413 1243 1472 1279 sana
1483 1245 1551 1281 mens
1566 1233 1689 1293 avelereii,

1118 1315 1216 1365 ut-rtion
1228 1317 1258 1365 ad
1270 1316 1431 1379 lacrymosum
1443 1319 1550 1382 hospites
1559 1319 1754 1383 comitari-telis,

1117 1401 1160 1450 ubi
1170 1404 1239 1453 multi
1250 1405 1372 1466 perierunt
1381 1406 1405 1454 in
1416 1406 1549 1457 infelicibus
1561 1408 1651 1472 preliis
1661 1445 1669 1470 ,

1118 1489 1230 1554 quamtis
1239 1491 1319 1541 edocti
1330 1491 1421 1542 bellum
1429 1497 1454 1545 et
1467 1496 1556 1544 tetrum
1568 1496 1725 1547 corissictum?

1118 1578 1197 1628 adbuc
1211 1593 1267 1628 vcro
1279 1584 1305 1630 tu
1316 1581 1454 1631 adolescens
1465 1594 1507 1643 es,
1521 1595 1564 1631 occ
1575 1583 1634 1633 dum
1646 1583 1743 1634 bellicas
1754 1597 1791 1637 ree

1118 1666 1195 1725 nosti,
1205 1680 1261 1729 quae
1272 1666 1447 1717 abhominibus
1458 1670 1599 1731 propulsant
1609 1670 1729 1723 exitialem
1737 1672 1809 1723 ὀίεαι.

1119 1758 1197 1812 Quare
1207 1760 1234 1803 tu
1245 1754 1305 1804 mibi
1315 1756 1465 1817 auscultato,
1478 1757 1574 1820 tuisque
1585 1763 1681 1808 maneto
1693 1759 1717 1808 in
1729 1759 1842 1825 aedibus,

1118 1856 1149 1892 ne
1159 1842 1218 1891 mild
1229 1845 1321 1906 airola
1330 1844 1454 1894 funestam]
1465 1846 1583 1895 nuncium
1593 1860 1663 1896 aures
1676 1847 1761 1909 feriat,

1119 1932 1143 1978 te
1153 1929 1362 1980 exstinctumesse
1373 1931 1397 1979 iu
1409 1932 1459 1980 acie
1471 1946 1477 1981 ι
1491 1946 1536 1982 neo
1547 1934 1611 1982 enim
1623 1947 1693 1998 spero

1119 2031 1331 2083 resarsurumesso
1342 2022 1366 2070 te
1377 2020 1479 2084 amplius
1492 2021 1539 2071 Ιιιισ
1551 2022 1662 2072 reducem
1676 2036 1690 2074 e
1703 2022 1774 2075 bello.

1118 2106 1168 2153 b'ec
1177 2107 1241 2153 enim
1250 2106 1301 2168 ipsc
1310 2118 1395 2168 parens
1405 2110 1463 2158 tuus
1474 2108 1560 2171 eiiugit
1573 2113 1666 2171 pestem
1676 2110 1809 2161 exitiosam

1118 2192 1161 2240 sed
1172 2193 1285 2244 occubuit
1297 2194 1321 2243 in
1330 2197 1468 2257 certamine,
1482 2197 1560 2259 quiet
1580 2202 1604 2247 te
1617 2202 1641 2247 et
1654 2197 1714 2249 alios

1119 2280 1203 2329 heroas
1213 2281 1445 2343 longeautecetlebat
1455 2320 1462 2344 ,
1474 2288 1498 2334 et
1510 2289 1559 2334 bea
1570 2286 1623 2349 ejus
1634 2290 1685 2337 erat
1697 2292 1789 2349 mater,

1120 2365 1198 2429 idque
1208 2367 1294 2416 borum
1305 2368 1361 2419 dolo
1372 2372 1396 2420 ct
1406 2370 1526 2432 consiliis,
1540 2371 1583 2434 qui
1591 2375 1616 2421 tc
1626 2371 1698 2422 etiam
1709 2373 1788 2437 ipsura

1119 2455 1209 2505 bellum
1220 2456 1353 2507 luctificum
1362 2462 1448 2520 urgent
1459 2459 1532 2508 adire.

1120 2543 1176 2592 ldeo
1187 2556 1231 2605 ego
1244 2544 1337 2606 trepido
1348 2545 1502 2595 corticanxio
1511 2550 1631 2608 meluens,

1119 2647 1149 2681 nc
1158 2633 1217 2682 mibi
1230 2638 1254 2683 te
1263 2648 1373 2697 quoque,
1385 2634 1433 2695 lili,
1445 2635 1552 2686 extincto
1563 2638 1703 2701 contingat,

1119 2721 1215 2771 utorba
1225 2722 1308 2773 relicta
1317 2722 1497 2785 indignissimas
1507 2723 1654 2775 calamitates
1665 2726 1790 2790 perpetiar.

1119 2814 1172 2860 b‘on
1183 2812 1247 2860 enim
1258 2824 1366 2874 unquam
1377 2812 1473 2863 temiuoe
1483 2813 1550 2876 pejor
1563 2814 1644 2865 luctus
1655 2815 1760 2875 accidit,

1119 2913 1192 2962 quam
1202 2900 1222 2949 si
1234 2900 1301 2950 liberi
1313 2900 1445 2962 intereunt,
1459 2906 1555 2951 mortuo
1566 2904 1639 2953 etiam
1651 2904 1754 2965 marito,

1119 2992 1143 3037 et
1153 2986 1267 3036 viduatur
1277 2987 1365 3038 domus
1377 2989 1473 3038 lunesto
1483 3002 1549 3039 nece.

1120 3073 1205 3123 statim
1213 3073 1277 3123 enim
1287 3074 1359 3124 sicini
1369 3080 1478 3127 resecarit
1489 3090 1575 3141 agros,

1119 3161 1286 3226 abraduntqee
1296 3164 1389 3225 omnia,
1402 3177 1447 3215 nec
1456 3169 1596 3216 reverentur
1607 3166 1669 3231 leges
1685 3180 1691 3214 ι

1119 3251 1207 3302 idcirco
1221 3266 1270 3301 non
1280 3254 1318 3303 est
1327 3252 1439 3304 miserius
1450 3254 1578 3317 quicquam
1589 3290 1596 3316 ,

1119 3353 1192 3403 quam
1205 3339 1278 3389 sidua
1289 3340 1315 3389 in
1325 3340 1419 3391 edibus
1430 3340 1523 3402 mulier,
1535 3344 1608 3405 utque
1619 3342 1744 3393 tritemius.

1149 3427 1216 3477 Dixit
1227 3427 1380 3478 veliementer
1390 3428 1494 3490 eiulana3
1508 3428 1571 3479 illiue
1580 3432 1665 3479 contra
1675 3430 1730 3481 brec
1738 3430 1785 3495 ipsi
1795 3430 1884 3482 retulit:

1148 3515 1375 3577 Bonoanimoesto,
1386 3519 1463 3566 metm
1472 3529 1532 3578 mea,
1544 3521 1568 3568 et
1578 3514 1671 3567 nuum
1683 3518 1754 3569 mitte
1764 3530 1835 3569 omen
1842 3536 1852 3579 ς

1118 3602 1240 3651 nonenim
1251 3606 1405 3664 praeterFata
1417 3603 1481 3653 udus
1489 3602 1513 3651 in
1523 3603 1586 3653 bello
1596 3603 1719 3654 decumbit
1731 3604 1780 3654 eir:

1118 3689 1214 3753 quodsi
1227 3691 1287 3740 milii
1297 3691 1369 3741 iatale
1379 3695 1417 3742 est
1428 3690 1583 3751 occumbere,
1597 3706 1641 3755 pro
1658 3692 1757 3742 tollitis

1117 3778 1206 3827 moriar
1216 3779 1282 3828 edito
1292 3779 1397 3829 facinore
1408 3779 1489 3841 aliquo
1500 3778 1573 3841 digno
1584 3780 1688 3830 ,bacidis

1148 3866 1187 3916 Sic
1197 3868 1243 3916 ait:
1255 3870 1280 3915 at
1289 3867 1383 3916 adeum
1394 3867 1503 3929 proxime
1516 3868 1616 3917 accessit
1632 3880 1704 3918 senex
1714 3867 1863 3931 Lycomedes

1116 3957 1189 4018 atque
1198 3968 1255 4003 eum
1266 3954 1321 4004 belli
1332 3954 1446 4017 cupidum
1460 3959 1499 4005 ite
1511 3956 1672 4019 compellarit:

1147 4042 1193 4092 Fili
1204 4042 1316 4101 cordate,
1328 4044 1399 4090 tuum
1408 4044 1501 4103 patrem
1513 4042 1654 4092 tortitudine
1665 4048 1836 4107 repraesentetis

1116 4130 1166 4180 scio
1177 4130 1242 4192 quod
1255 4128 1323 4178 tortis
1333 4128 1367 4177 sis
1378 4132 1403 4178 et
1416 4129 1521 4191 salidus5
1533 4130 1574 4179 sed
1590 4138 1669 4180 tamen
1681 4131 1754 4181 etiam
1765 4132 1799 4182 sie

1115 4222 1139 4268 et
1150 4219 1240 4269 bellum
1254 4221 1336 4269 metuo
1347 4217 1476 4278 acerbum,
1487 4222 1511 4268 et
1520 4218 1622 4267 lluctum
1632 4218 1707 4268 meris

1117 4309 1291 4371 periculosum:
1303 4312 1385 4360 nautae
1394 4309 1460 4360 enim
1470 4321 1564 4372 semper
1575 4306 1649 4357 ricini
1658 4312 1717 4360 sunt
1727 4310 1806 4360 morti.

1116 4396 1172 4447 ldeo
1184 4402 1211 4449 tu
1221 4398 1345 4459 eaeetibi,
1356 4398 1401 4460 tili,
1414 4411 1472 4448 cum
1484 4396 1660 4460 navigationem
1671 4396 1784 4448 institues

1115 4486 1242 4547 postmodo
1258 4487 1295 4536 vel
1307 4486 1400 4549 adroic
1413 4487 1451 4536 sel
1461 4485 1570 4547 aliunde,
1580 4490 1608 4537 ut
1620 4484 1698 4535 multa

1116 4665 1182 4722 tum,
1197 4660 1294 4725 quando
1305 4675 1362 4712 oum
1374 4664 1520 4726 capricumo
1531 4660 1687 4724 congreditur
1697 4659 1810 4710 nebuloec

1115 4751 1163 4809 sol,
1176 4753 1334 4814 post-tergum
1346 4752 1434 4813 reiecto
1446 4750 1592 4813 ejaculatore
1605 4749 1767 4813 sagittarum,

1114 4839 1258 4888 arcitenente
1270 4875 1276 4900 ,
1291 4850 1347 4887 cum
1358 4838 1469 4899 hyemem
1479 4846 1572 4884 sesam
1583 4835 1706 4885 musitacii
1717 4830 1791 4884 nimbi

1113 4929 1137 4974 ct
1148 4925 1245 4987 qitanclo
1257 4923 1345 4972 Oceani
1356 4922 1381 4971 in
1392 4921 1464 4970 latam
1477 4920 1568 4970 utidam
1579 4920 1707 4985 rapiuntur

1113 5014 1190 5062 sidera
1201 5049 1207 5073 ,
1223 5012 1382 5062 descendente
1392 5011 1423 5060 ad
1434 5023 1548 5061 occasum
1560 5010 1649 5061 Orione
1660 5024 1667 5057 z

307 5106 346 5146 ea
361 5093 438 5153 δείδιε
450 5093 473 5151 δ’
487 5094 514 5152 ἐν
529 5094 620 5176 ρρεσίν
640 5084 697 5169 ᾗσιν
712 5092 851 5172 ἰσημερίην
864 5086 1014 5166 ἀλεγεινήν,
1092 5066 1095 5141 ί
1114 5100 1241 5150 rotomiida
1250 5100 1321 5150 etiam
1331 5100 1356 5150 in
1367 5100 1447 5150 anieno
1458 5104 1501 5151 tuo
1512 5100 1685 5165 equinoctium
1697 5095 1781 5153 trista·

362 5187 379 5260 ᾗ
395 5181 433 5241 ἔνι
448 5178 640 5264 συμρορέονται
659 5180 699 5238 ἀν’
712 5178 786 5262 εὐρέα
803 5178 893 5236 θένθεα
908 5175 1002 5234 πόντου

1113 5189 1141 5238 in
1150 5204 1198 5252 quo
1214 5190 1400 5241 coiiunittuntur
1409 5203 1450 5253 per
1461 5190 1538 5240 latum
1552 5188 1656 5238 fundum
1666 5184 1734 5250 pontt
