3996 5828
347 423 426 483 ΤΩΝ
449 424 530 485 itte
551 427 709 487 oriiipon'
731 428 764 488 E.

217 553 341 629 νωμῆσαι
353 549 522 630 παλάμῃσιν·
535 551 594 629 ἐμοὶ
607 552 629 610 δ’
645 552 695 635 ἄρα
706 554 794 614 πάντα
808 557 931 618 τέτυκται

218 642 310 716 ἄρτια,
321 634 367 696 καί
380 659 425 716 μοι
439 636 507 697 ίοικε
523 640 668 723 ρορήμεναι
682 642 768 720 άγλαά
781 644 878 726 τεύχη,

218 727 274 784 ούτι
287 725 489 809 καταισχύνοντι
503 731 561 787 θεοῦ
577 730 737 809 περικαλλέα
753 731 831 815 δῶρα.

219 810 298 875 iiiiii
309 811 352 884 τίη
369 814 488 890 μύθοισιν
502 815 680 898 ἀριδμαίνοντε
694 826 811 878 κακοῖσιν

158 912 200 957 tto
216 899 331 978 ἵσταμεν
342 900 409 983 ἀμφ’
423 901 542 981 Ἀχιλῆος
556 902 689 980 ἀμύμονος
702 904 788 983 ἀγλαά
800 907 896 990 τεύχη,

216 1074 293 1145 όςτις
306 1075 427 1159 ρέρτερός
439 1078 509 1135 ἔστιν
521 1076 558 1135 iri
572 1078 707 1161 ρθισήνορι
719 1080 827 1163 χάρμῃ·

216 1166 299 1237 ἀλκῆς
307 1162 359 1248 γάρ
370 1164 424 1222 τόδ’
439 1164 530 1223 ἄεθλον
545 1163 636 1248 ἀρήϊον
644 1211 652 1240 ,
666 1169 713 1225 οὐκ
727 1169 867 1247 ἀλιγεινῶν

215 1256 293 1323 θῆκεν
307 1251 345 1311 tii
357 1250 465 1329 μέσσοις
475 1250 560 1311 ἐτέων
574 1251 654 1321 θέτις
667 1254 847 1337 ἀργυρόπεζα·

215 1337 304 1416 μύθων
318 1337 341 1397 δ’
353 1340 390 1399 εῖν
403 1341 485 1423 ἀγορῇ
499 1338 580 1423 χρειὼ
596 1338 671 1401 πέλει
688 1342 877 1427 ἀνθρώποισιν·

156 1440 195 1481 tta
213 1416 271 1485 σ’ίδα
282 1425 317 1507 pi
343 1429 379 1495 ὡς
392 1428 435 1488 σέο
446 1428 544 1488 πολλόν
558 1427 715 1513 άγαυότερος
732 1433 777 1491 καί
792 1434 885 1518 ἀρείων

211 1513 280 1591 sipi·
293 1449 367 1594 γόνος
381 1514 410 1574 δέ
425 1538 471 1594 μοι
484 1515 569 1591 ioris,
583 1514 640 1575 όθεν
653 1519 762 1602 μεγάλῳ
774 1521 886 1601 Ἀχιλῆϊ.

253 1600 307 1670 Ὦς
316 1602 392 1685 φάτο·
402 1601 446 1663 τδν
458 1602 480 1662 δ’
489 1602 787 1687 ἀλεγεινάπαραάλήδην
794 1609 926 1672 ένένισπεν

212 1690 266 1756 υίδς
278 1689 416 1772 Λαίρταο,
428 1688 581 1772 πολύτροπα
595 1692 681 1771 μήδεα
694 1701 805 1773 νωμῶν·

253 1768 321 1839 Αἶαν
330 1778 503 1860 ἀμετροεπλς,
512 1778 538 1839 τί
546 1779 576 1839 νύ
587 1802 632 1859 μοι
638 1781 705 1841 τόσα
715 1782 774 1867 μδψ
780 1786 911 1868 ἀγορεύεις
917 1815 925 1862 3

153 1880 195 1921 ato
210 1864 355 1948 ταρθαλέον
366 1889 395 1925 τε
408 1867 436 1944 μ’
447 1864 549 1949 ἄρησθα
560 1870 605 1927 καί
616 1871 749 1930 σύτιδανδν
759 1873 803 1933 καί
814 1874 922 1934 ἄναλκιν

211 1953 339 2033 ἔμμεναι,
356 1953 442 2021 θςσέο
452 1956 550 2015 πσλλδν
565 1956 704 2039 ὑπέρτερος
719 1959 832 2041 εὔχομαι
845 1954 911 2023 εἶναι

212 2043 307 2119 μήδεσι
320 2041 367 2103 καί
379 2042 499 2121 μύθοισι,
511 2042 545 2103 τά
558 2045 582 2102 τ’
597 2046 706 2127 ἀνδράσι
717 2049 811 2131 κάρτος
821 2049 902 2120 ἀέξει·

208 2128 254 2187 καὶ
265 2130 316 2213 γάρ
329 2130 354 2188 τ’
370 2129 496 2203 ήλίόατον
513 2129 629 2216 πέτρην,
641 2133 772 2216 ἄρρηκτον
787 2139 896 2215 έοῦσαν,

211 2218 276 2295 μήτι
291 2218 487 2297 θποτμήγουσιν
501 2221 528 2277 ἀν
540 2219 628 2301 οὔρεσι
638 2221 751 2302 λατόμυι
763 2223 853 2307 ἄνδρες

151 2318 192 2362 20⁶
210 2305 316 2386 ῥηϊδίως
325 2351 335 2382 ,
345 2305 410 2386 μήτι
422 2304 449 2366 δὲ
463 2306 547 2386 μίγαν
562 2309 700 2391 βαρυηχέα
713 2309 807 2372 πόντον

208 2400 302 2453 ναῦται
314 2394 525 2477 θπικπερόιυσιν,
539 2394 577 2455 ὅτ’
592 2397 695 2457 ἄσπετα
708 2401 880 2479 κυμαίνηται·

206 2481 317 2563 τέχνῃσι
328 2482 351 2542 δ’
365 2482 476 2567 ἀγρόται
486 2484 627 2567 κρατεροὺς
639 2485 758 2565 δαμόωσι
772 2488 879 2558 λέοντας

208 2570 357 2654 παρδάλισς
369 2593 398 2631 τε
409 2571 474 2639 σύας
489 2594 519 2633 τε
532 2572 578 2632 καί
592 2572 680 2632 ἄλλων
693 2574 768 2634 ἔθνεα
780 2581 879 2660 θηρῶν·

205 2664 297 2742 ταῦροι
310 2658 333 2719 δ’
346 2657 517 2741 δθριμόθνμοι
532 2660 583 2720 tri
595 2661 704 2743 ζεύγλης
717 2662 866 2743 δαμόιυνται

147 2760 190 2802 ιω
207 2746 353 2830 ἀνθρώπων
369 2748 467 2821 ἰότητι·
480 2746 532 2829 νόῳ
549 2748 578 2809 δέ
590 2773 619 2810 τε
631 2751 719 2811 πάντα
733 2755 861 2812 τελεῖται·

203 2834 254 2895 aiei
267 2836 289 2895 δ’
306 2836 433 2919 ἀρραδέος
446 2836 522 2897 πέλει
537 2837 625 2921 ἀνέρος
642 2840 710 2922 ἀμφὶ
723 2839 825 2902 πόνοισι

204 2933 273 2984 πᾶσι
283 2924 329 2983 καί
342 2927 369 2984 έν
383 2926 507 3007 βουλῇσιν
519 2924 586 3009 ἀνὴρ
599 2928 734 3011 πολύϊδρις
746 2930 868 3007 ἀμείνων.

203 3012 314 3072 Τούνεκ’
326 3014 496 3097 ἀῦρρσνέοντσ
513 3014 608 3095 θρασὺς
618 3012 682 3083 πάϊς
696 3016 818 3077 Οἰνείδαο

202 3099 298 3168 λέξατό
311 3100 340 3180 μ’
353 3104 384 3160 ἐκ
397 3102 504 3162 πάντων
516 3104 699 3183 ἐπιτάρροθον,
712 3104 770 3186 όρρ’
781 3104 919 3188 ἀρίκωμαι

144 3200 186 3244 ἱνα
199 3184 360 3269 ἔςρύλακας·
372 3186 441 3267 μέγα
451 3190 474 3248 δ’
482 3188 556 3271 έργον
566 3192 637 3266 όμῶς
646 3190 820 3270 ἀτελέσσαμιν
829 3194 917 3276 άμρω.

205 3276 262 3335 Καὶ
276 3276 300 3334 δ’
315 3276 392 3336 αθτδν
408 3278 517 3349 Πηλῆος
529 3276 661 3344 ίϋσθενέος
674 3280 767 3339 κλυτὸν
782 3273 826 3339 υἷα

201 3364 302 3443 ήγαγον
321 3364 480 3447 Ἀτρείδῃσιν
492 3362 643 3447 ίπίῤῥοθον·
658 3366 690 3437 ῆν
703 3367 731 3426 ii
745 3368 790 3427 καί
806 3370 886 3430 ἄλλου

200 3449 286 3533 tipus<
299 3451 380 3535 χρειώ
393 3475 432 3520 τις
446 3455 473 3511 ίν
488 3452 626 3535 Ἀργείοισι
637 3454 765 3530 πεληται,

203 3540 259 3598 ούδ’
269 3539 314 3618 ἄγε
325 3540 401 3623 χερσλ
415 3546 504 3621 τεῇσιν
517 3540 666 3617 ἐλεύσεται,
679 3544 738 3602 οὐδὲ
752 3542 800 3622 μέν
815 3544 902 3605 ἄλλων

142 3638 186 3681 wo
208 3627 330 3711 Ἀργείων
346 3630 483 3709 βουλῇσιν·
496 3628 547 3708 έγδι
563 3629 590 3689 δέ
605 3634 617 3688 ἐ
632 3637 725 3708 μοῦνος
740 3633 854 3713 Ἀχαιῶν

204 3713 275 3791 ἄξω,
289 3717 442 3797 μειλιχίοισι
454 3715 625 3799 παραυδήσας
639 3718 758 3794 irrisum,

199 3806 274 3889 δῆριν
288 3810 314 3875 ές
325 3810 436 3881 αθζηῶν·
451 3806 519 3887 μίγα
530 3808 581 3891 γάρ
597 3808 693 3891 κράτος
708 3811 816 3892 ἀνδράσι
829 3816 908 3889 μῦθος

199 3894 317 3975 γίγνεται
336 3895 507 3978 εὐρροσύνῃσι
525 3895 697 3976 μεμιγμόνος·
710 3898 804 3980 ἠνορέη
817 3898 845 3959 δέ

201 3981 336 4065 ἄπρηκτος
346 3983 458 4060 τιλίθιι,
476 3982 583 4064 μίγεθος
596 3987 620 4044 τ’
631 3988 667 4052 είς
680 3986 752 4045 οὐδὲν
766 3987 833 4057 ἀέξει

136 4087 183 4129 aa
200 4070 304 4154 ἀνέρος,
317 4073 340 4131 εί
355 4072 393 4150 μή
408 4077 431 4133 σθ
445 4071 541 4145 πινυτή
557 4072 601 4131 irrt
617 4078 694 4152 μῆτις
710 4074 814 4147 ίπηται,

202 4158 293 4242 λθτδρ
307 4160 365 4237 ἐμοὶ
379 4159 424 4219 καί
438 4159 533 4243 κάρτος
542 4165 612 4239 ὁμῶς
624 4162 668 4220 καλ
679 4167 757 4240 μῆτιν
767 4164 887 4224 όπασσαν

199 4246 339 4307 ἀθάνατοι·
353 4247 445 4317 τεῦξαν
460 4248 487 4307 δὲ
499 4245 559 4329 μέγ’
573 4249 724 4331 Ἀργείοισιν
736 4253 832 4334 όνειαρ.

197 4336 269 4397 (biii
275 4334 415 4415 μᾶν,ῶςσύ
424 4338 453 4417 μ’
460 4337 798 4421 έρησθα,πάροςριύγοντα
807 4340 915 4410 σάωσας

199 4420 274 4497 δηίου
288 4424 314 4495 ii
328 4427 436 4498 ἐνοπῆς·
449 4428 479 4485 οὐ
493 4424 544 4511 γδρ
559 4425 654 4509 ρύγον,
672 4429 730 4486 ἀλλ’
744 4428 801 4506 ἄμα
814 4429 915 4499 πάντας

128 4530 180 4572 270
198 4516 294 4597 Τρῶας
309 4511 501 4593 δπεσσυμόνους
508 4512 585 4593 μόνον
594 4514 750 4593 ἔμπεδονυί
758 4517 779 4574 δ’
785 4517 914 4599 ἐπέχυντο

199 4603 270 4683 ἀλκῇ
286 4600 471 4681 μαιμώωντες·
485 4600 537 4682 ἀγιδ
552 4603 575 4661 δ’
590 4602 640 4663 tei
653 4602 746 4686 κάρτεϊ
758 4610 853 4690 χειρῶν

198 4692 305 4750 πολλῶν
316 4690 396 4771 θυμόν
406 4691 501 4751 έλυσα·
512 4691 544 4753 σθ
555 4692 578 4751 δ’
588 4694 636 4752 οθκ
645 4690 679 4775 ἄρ
689 4693 807 4772 ἐτήτυμα
818 4695 912 4775 βάζεις·

197 4778 229 4836 οὗ
238 4774 291 4860 γάρ
303 4776 386 4859 ἔμοιγ’
396 4779 532 4859 ἄπάμυνας
543 4777 593 4840 dri
604 4779 693 4859 μόθον,
704 4780 779 4840 ἄλλδι.
786 4782 827 4841 σοί
842 4787 913 4867 αὐτῷ

197 4864 277 4937 ἔστης
293 4856 345 4951 ήρα
358 4866 459 4949 φέρων,
471 4866 510 4947 μή
521 4867 561 4936 τίς
575 4868 606 4928 νύ
620 4891 649 4928 σε
661 4869 733 4950 δουρί
747 4869 872 4951 δαμάσσῃ

197 5038 649 5125 „i

193 5126 254 5187 σιίδν
270 5128 318 5207 iip'
333 5131 492 5214 Ἀτρείδῃσιν
505 5131 571 5215 θπδρ
586 5131 713 5209 πολέμοιο
726 5132 860 5215 φέρωμαι·

192 5219 244 5278 καὶ
257 5217 290 5279 σθ
304 5218 351 5299 μέν
364 5220 469 5281 ίκτοσθε
483 5220 581 5293 στήσας
594 5221 666 5289 νέας·
681 5220 764 5304 αὐτάρ
776 5221 872 5302 ἔγωγε,

1085 437 1473 509 Posnflounnioonmr
1494 451 1566 512 nm.
1589 456 1625 517 v.
1705 420 1756 509 σι’

975 579 1056 631 vibres
1071 583 1192 645 manibus;
1207 586 1268 635 mibi
1281 600 1338 637 sero
1350 590 1431 640 omnia
1445 599 1503 642 sunt

976 673 1047 732 apta,
1059 674 1084 720 et
1095 683 1134 721 me
1146 671 1216 723 desei
1232 679 1325 737 gestare
1336 676 1465 740 splendida
1473 680 1607 735 bnamma

975 757 1170 822 qui-neutiquam
1182 762 1325 813 dedecorem
1337 766 1381 815 Dei
1393 766 1538 829 puiuerrima
1549 785 1659 826 munera.

975 846 1022 896 Sed
1034 846 1093 909 quid
1105 847 1186 898 verbis
1199 850 1342 902 altercantes
1355 853 1448 917 ignaris

973 936 1067 983 sumus
1076 934 1106 985 de
1116 935 1216 986 Aciriiiis
1225 940 1333 1000 generosi
1345 941 1429 993 nitidis
1439 944 1530 995 numm?

975 1114 1027 1161 uter
1038 1114 1158 1164 nostrum
1172 1114 1300 1167 meliorati
1313 1118 1338 1167 in
1351 1119 1442 1170 exitiaii
1456 1136 1550 1187 pugna:

974 1197 1120 1251 tortitudinis
1131 1201 1196 1252 enim
1206 1202 1253 1254 boe
1264 1206 1393 1268 premium
1404 1208 1516 1273 mititare,
1528 1224 1578 1261 non
1590 1214 1699 1268 moleste

971 1283 1085 1348 deposuit
1098 1286 1122 1335 io
1137 1288 1244 1339 medium
1256 1292 1403 1353 garrulitatis
1417 1296 1501 1346 Thetis
1513 1300 1663 1364 urgentipes:

972 1374 1052 1423 serbis
1061 1379 1143 1426 autem
1155 1377 1180 1427 in
1191 1379 1244 1428 toro
1255 1394 1317 1444 opus
1326 1386 1364 1431 est
1378 1382 1527 1436 bominibus.

971 1463 1026 1511 Seio
1037 1463 1159 1527 equidem,
1169 1466 1234 1529 quod
1248 1470 1271 1517 ts
1282 1468 1352 1531 bopo
1363 1470 1466 1521 nobilior
1482 1477 1506 1522 et
1517 1474 1603 1524 tortior

971 1550 1031 1613 sim,
1042 1551 1163 1614 siquidem
1172 1566 1248 1615 genus
1260 1556 1321 1606 iude
1330 1558 1391 1608 mibi
1405 1563 1457 1621 est,
1469 1560 1533 1611 unde
1546 1574 1633 1625 magno
1644 1565 1737 1619 nobiti
1798 1584 1801 1589 ⁴

1001 1639 1040 1687 Sia
1051 1637 1101 1689 ait:
1117 1640 1182 1689 hunc
1194 1655 1251 1691 vero
1263 1645 1442 1696 amaris-uerbis
1453 1649 1571 1711 eregiooe
1583 1651 1693 1703 adortus·

969 1724 1033 1776 iiiios
1044 1729 1153 1789 Laertae,
1167 1734 1264 1779 uersuta
1275 1732 1375 1781 sensitis
1389 1734 1489 1797 agitem.

1000 1815 1059 1876 Aias
1072 1819 1188 1879 nugator,
1205 1830 1249 1867 our
1262 1819 1322 1868 mihi
1333 1824 1427 1870 tuntum
1439 1825 1530 1875 temera
1539 1834 1652 1889 perores?

968 1902 1081 1953 timidum
1093 1918 1132 1954 me
1143 1905 1206 1955 diois
1219 1910 1244 1957 et
1257 1906 1426 1973 nullius-pretii
1436 1916 1508 1975 atque
1519 1913 1641 1965 imbeiiem

967 2004 1030 2054 esee,
1044 2006 1117 2054 quern
1130 1997 1153 2043 te
1166 1993 1235 2059 longe
1249 1997 1397 2059 superiorem
1411 1999 1579 2052 ausimdioere
1591 2017 1645 2053 essa

967 2080 1068 2129 consitio
1080 2085 1105 2131 et
1118 2081 1230 2146 eloquio,
1240 2097 1296 2146 qum
1308 2085 1449 2137 bominibus
1462 2088 1525 2140 vires
1537 2098 1625 2154 augent
1638 2108 1644 2140 ι

966 2168 1055 2217 etenim
1067 2168 1187 2219 excelsam
1198 2174 1305 2234 petrum,
1318 2187 1374 2236 quae
1386 2173 1463 2239 frangi
1474 2178 1577 2240 nequit,

967 2254 1062 2317 ingenio
1074 2257 1204 2308 succidunt
1217 2260 1243 2309 in
1254 2260 1379 2311 montibus
1393 2261 1617 2326 tepidum-emtores
1631 2268 1677 2317 riri

966 2340 1044 2403 tacite,
1062 2341 1205 2407 ingenioque
1218 2356 1333 2409 magnum
1347 2348 1503 2399 horrisonum
1516 2365 1582 2401 mare

966 2434 1046 2480 nautas
1057 2433 1237 2498 transmittant,
1249 2450 1306 2487 com
1315 2450 1402 2499 magno
1414 2440 1594 2504 aestu-ituatuat;

965 2524 1016 2570 arte
1025 2527 1151 2573 venatores
1161 2524 1255 2576 raiidoa
1265 2526 1366 2576 domant
1377 2526 1476 2589 leones,

965 2607 1122 2671 pordaieeqoe
1132 2612 1157 2660 et
1168 2623 1240 2674 apros
1251 2616 1276 2662 et
1286 2612 1388 2663 aliarum
1400 2628 1488 2677 genera
1499 2614 1631 2667 bestiarum
1642 2634 1649 2679 ;

965 2693 1027 2742 tauri
1037 2692 1111 2745 iortee
1122 2695 1181 2759 jugo
1192 2696 1355 2759 subiiciuntur

965 2780 1091 2831 bominum
1100 2782 1220 2833 industria
1230 2801 1237 2846 ;
1249 2783 1341 2835 ratione
1354 2786 1459 2850 denique
1475 2788 1557 2837 omnia
1568 2788 1733 2852 perficiuntur,

963 2874 986 2917 et
998 2883 1092 2934 semper
1102 2870 1241 2922 inooosulto
1250 2876 1288 2922 ost
1298 2873 1397 2925 bomine
1408 2874 1434 2923 in
1446 2875 1550 2937 negotiis

963 2958 1058 3009 eunetis
1069 2964 1094 3009 et
1105 2960 1130 3009 in
1146 2960 1361 3013 deliberationibus
1376 2965 1449 3014 bomo
1460 2967 1552 3029 peritus
1564 2966 1731 3030 praestabilior.

963 3046 1021 3095 ideo
1032 3047 1259 3111 ingenio-raientesn
1270 3051 1350 3101 sudas
1361 3051 1425 3101 iilius
1437 3052 1535 3103 OEnidse

962 3133 1049 3197 detegit
1062 3147 1102 3186 me
1113 3149 1143 3186 ex
1157 3136 1271 3188 omnibus
1284 3138 1391 3199 metum,
1405 3142 1432 3188 nt
1443 3139 1581 3191 aarederem

961 3221 991 3270 ad
1000 3222 1092 3284 vigiles,
1105 3222 1146 3273 ubi
1155 3224 1239 3287 ingens
1249 3224 1343 3275 facinus
1348 3226 1496 3288 conjunctim
1507 3228 1643 3291 peregimus
1649 3227 1729 3280 ambe.

961 3309 1052 3359 Adime
1065 3313 1147 3374 ipsum
1159 3311 1222 3361 Pelei
1235 3312 1304 3362 tortis
1316 3311 1433 3376 inciytum
1445 3317 1530 3365 natum

960 3393 1061 3457 adjunxi
1073 3395 1164 3446 Atridis
1176 3396 1270 3447 socium
1284 3411 1290 3447 ι
1302 3397 1390 3460 quodsi
1402 3398 1532 3448 etiamalio

961 3483 1033 3533 ireroe
1042 3496 1104 3547 epm
1115 3484 1177 3535 inter
1189 3487 1288 3535 Graeoos
1300 3485 1373 3535 tuerit

960 3585 1038 3635 neque
1047 3572 1087 3623 iiie
1098 3572 1211 3623 manibus
1223 3573 1272 3624 tuis
1284 3574 1396 3624 aductus
1405 3574 1493 3636 reniet,
1507 3588 1585 3639 neque
1597 3574 1699 3624 aiiomm

961 3662 1105 3724 Argivorum
1116 3662 1237 3724 consitiis,
1248 3662 1289 3713 sed
1300 3675 1344 3725 ego
1354 3662 1434 3726 ipeum
1446 3663 1513 3713 sotus
1526 3663 1646 3713 Acirivum

959 3748 1097 3811 adduxero,
1109 3749 1204 3800 blandis
1218 3750 1361 3800 adhortatus
1373 3751 1471 3811 verbis,

959 3835 990 3885 sd
1005 3841 1126 3887 certamen
1136 3837 1255 3901 turanum
1263 3854 1271 3900 ;
1285 3850 1373 3902 mspro
1382 3838 1447 3888 enim
1463 3837 1578 3902 praesidio
1589 3838 1729 3888 hominibus

959 3923 1045 3989 oratio]
1058 3930 1096 3975 est
1111 3926 1293 3991 cum-eapientia
1304 3929 1451 3991 temperata:
1461 3929 1487 3975 et
1498 3925 1651 3977 robur-virita

959 4011 1070 4061 inefficax
1082 4017 1134 4073 est,
1147 4016 1171 4063 et
1182 4012 1313 4077 proceritas
1325 4012 1355 4064 ad
1367 4013 1428 4064 niirii
1439 4013 1554 4064 oonduoit

959 4098 1020 4159 viri,
1034 4098 1081 4148 nisi
1092 4112 1149 4149 enin
1161 4100 1267 4163 prudens
1279 4100 1408 4151 consitium
1419 4100 1556 4151 omniteiur.

959 4187 1032 4249 Atqui
1045 4186 1105 4237 mibi
1115 4188 1186 4250 juxta
1196 4188 1269 4238 mbur
1279 4202 1308 4239 ac
1320 4188 1451 4238 eonsilium
1463 4186 1652 4252 suppeditarunt

958 4273 1117 4335 immortales,
1125 4277 1149 4324 et
1157 4275 1265 4324 iecerunt
1275 4275 1369 4338 insigne
1376 4287 1416 4324 me
1425 4274 1518 4324 Graecis
1526 4273 1727 4324 emolumentum.

959 4366 1007 4412 Nec
1018 4376 1085 4423 sero,
1098 4364 1126 4413 ut
1137 4366 1164 4411 tu
1173 4362 1287 4425 affirmas,
1300 4375 1339 4412 me
1350 4375 1428 4427 nuper
1436 4360 1568 4425 tumentem
1579 4360 1681 4411 servasti

958 4450 1039 4500 bostiii
1051 4450 1082 4501 ab
1093 4431 1204 4512 tremitu5
1222 4464 1270 4500 non
1282 4452 1348 4501 enim
1360 4449 1420 4514 iugi,
1435 4449 1479 4501 aad
1490 4448 1564 4499 simul
1577 4462 1663 4499 omnes

957 4542 1074 4602 Troianos
1084 4538 1204 4589 irruentes
1214 4540 1318 4590 sustinui
1332 4539 1439 4590 fortiter:
1452 4538 1495 4603 qui
1510 4537 1566 4587 lieet
1577 4537 1697 4587 irruerent

958 4625 1065 4677 violento
1076 4627 1184 4691 impetu,
1196 4641 1239 4691 ego
1253 4631 1334 4677 tauma
1346 4627 1433 4680 robore
1444 4640 1562 4678 manuum

958 4713 1042 4763 moitis
1053 4714 1162 4764 enimnm
1173 4713 1291 4764 dimoisi:
1306 4718 1333 4764 tu
1347 4715 1420 4779 igitur
1432 4727 1479 4764 oon
1493 4727 1550 4764 vera
1560 4713 1665 4776 jactitas:

955 4816 1004 4852 non
1017 4802 1082 4852 enim
1093 4815 1133 4853 me
1142 4804 1282 4867 protegebas
1291 4803 1316 4853 in
1327 4803 1390 4864 acie,
1401 4802 1445 4853 sed
1456 4802 1501 4852 tibi
1511 4802 1558 4864 ipsi

955 4890 1037 4941 stabas
1047 4902 1119 4955 opem
1129 4889 1221 4952 terens,
1234 4904 1265 4941 ne
1276 4892 1331 4955 quis
1343 4896 1367 4942 te
1378 4891 1449 4941 basta
1464 4887 1595 4953 configeret

955 4977 1087 5041 fugientem
1096 4991 1126 5030 es
1136 4977 1259 5028 mniiietu.
1271 4981 1349 5030 iteres
1359 4983 1441 5030 autem
1450 4978 1475 5028 in
1485 4976 1594 5032 medinm
1601 4974 1721 5033 subtraxi,

955 5063 1724 5130 neuquodextimessombostiumrim‚sedutirrg'eoiosamope

956 5152 1116 5218 ramimsidue
1126 5168 1173 5204 uns
1186 5154 1345 5205 cum-Atridis
1358 5153 1419 5205 buis
1428 5153 1492 5204 beiio
1505 5150 1661 5217 bnpendarn:

956 5246 983 5292 iu
998 5255 1055 5294 sane
1068 5242 1240 5295 extremo-loeo
1252 5242 1358 5296 statuisti
1372 5255 1446 5293 nores
1458 5257 1466 5303 ;
1479 5244 1504 5290 at
1514 5253 1558 5304 ego
