<?xml version="1.0" encoding="UTF-8"?>
<!DOCTYPE html PUBLIC "-//W3C//DTD XHTML 1.0 Transitional//EN"
    "http://www.w3.org/TR/xhtml1/DTD/xhtml1-transitional.dtd">
<html xmlns="http://www.w3.org/1999/xhtml" xml:lang="en" lang="en">
 <head>
  <title>
</title>
<meta http-equiv="Content-Type" content="text/html;charset=utf-8" />
  <meta name='ocr-system' content='tesseract 3.04.00' />
  <meta name='ocr-capabilities' content='ocr_page ocr_carea ocr_par ocr_line ocrx_word'/>
</head>
<body>
  <div class='ocr_page' id='page_1' title='image "./hesiodicarmina03hesigoog/hesiodicarmina03hesigoog_0559.png"; bbox 0 0 3998 5818; ppageno 0'>
   <div class='ocr_carea' id='block_1_1' title="bbox 451 324 1207 392">
    <p class='ocr_par' dir='ltr' id='par_1_1' title="bbox 451 324 1207 392">
     <span class='ocr_line' id='line_1_1' title="bbox 451 324 1207 392; baseline 0.011 -15"><span class='ocrx_word' id='word_1_1' title='bbox 451 325 470 392; x_wconf 80' lang='lat' dir='ltr'>t]</span> <span class='ocrx_word' id='word_1_2' title='bbox 992 324 1207 388; x_wconf 78' lang='lat' dir='ltr'>PRAEFATlO.</span> 
     </span>
    </p>
   </div>
   <div class='ocr_carea' id='block_1_2' title="bbox 438 440 1768 801">
    <p class='ocr_par' dir='ltr' id='par_1_2' title="bbox 438 440 1768 801">
     <span class='ocr_line' id='line_1_2' title="bbox 438 440 1763 556; baseline 0.02 -48"><span class='ocrx_word' id='word_1_3' title='bbox 438 440 678 537; x_wconf 85' lang='lat' dir='ltr'>olympiadem</span> <span class='ocrx_word' id='word_1_4' title='bbox 698 446 763 533; x_wconf 84' lang='lat'>65,</span> <span class='ocrx_word' id='word_1_5' title='bbox 787 465 926 520; x_wconf 87' lang='lat' dir='ltr'>motum</span> <span class='ocrx_word' id='word_1_6' title='bbox 940 467 1060 523; x_wconf 87' lang='lat' dir='ltr'>autem</span> <span class='ocrx_word' id='word_1_7' title='bbox 1075 473 1200 528; x_wconf 88' lang='lat' dir='ltr'>contra</span> <span class='ocrx_word' id='word_1_8' title='bbox 1215 458 1468 553; x_wconf 84' lang='lat' dir='ltr'>Lygdamidem</span> <span class='ocrx_word' id='word_1_9' title='bbox 1490 477 1702 556; x_wconf 82' lang='lat' dir='ltr'>tyrannum,</span> <span class='ocrx_word' id='word_1_10' title='bbox 1720 465 1763 535; x_wconf 90' lang='lat' dir='ltr'>in</span> 
     </span>
     <span class='ocr_line' id='line_1_3' title="bbox 439 566 1630 674; baseline 0.016 -39"><span class='ocrx_word' id='word_1_11' title='bbox 439 590 513 660; x_wconf 89' lang='lat' dir='ltr'>quo</span> <span class='ocrx_word' id='word_1_12' title='bbox 530 566 703 637; x_wconf 87' lang='lat' dir='ltr'>occubuit</span> <span class='ocrx_word' id='word_1_13' title='bbox 717 586 847 665; x_wconf 69' lang='lat' dir='ltr'>poeta,</span> <span class='ocrx_word' id='word_1_14' title='bbox 862 574 1074 668; x_wconf 89' lang='lat' dir='ltr'>ponendum</span> <span class='ocrx_word' id='word_1_15' title='bbox 1095 577 1311 674; x_wconf 83' lang='lat' dir='ltr'>olympiadis</span> <span class='ocrx_word' id='word_1_16' title='bbox 1331 582 1375 651; x_wconf 81' lang='lat'>82</span> <span class='ocrx_word' id='word_1_17' title='bbox 1393 606 1490 652; x_wconf 77' lang='lat' dir='ltr'>antro</span> <span class='ocrx_word' id='word_1_18' title='bbox 1510 583 1581 653; x_wconf 89' lang='lat' dir='ltr'>lere</span> <span class='ocrx_word' id='word_1_19' title='bbox 1599 583 1630 654; x_wconf 76' lang='lat'>3.</span> 
     </span>
     <span class='ocr_line' id='line_1_4' title="bbox 487 687 1768 801; baseline 0.016 -46"><span class='ocrx_word' id='word_1_20' title='bbox 487 691 525 756; x_wconf 88' lang='lat' dir='ltr'>ln</span> <span class='ocrx_word' id='word_1_21' title='bbox 541 687 776 782; x_wconf 85' lang='lat' dir='ltr'>lragment06</span> <span class='ocrx_word' id='word_1_22' title='bbox 795 697 1019 788; x_wconf 81' lang='lat' dir='ltr'>Panyasidis,</span> <span class='ocrx_word' id='word_1_23' title='bbox 1036 723 1140 769; x_wconf 82' lang='lat' dir='ltr'>versu</span> <span class='ocrx_word' id='word_1_24' title='bbox 1162 706 1206 789; x_wconf 76' lang='lat' dir='ltr'>d,</span> <span class='ocrx_word' id='word_1_25' title='bbox 1227 706 1431 774; x_wconf 81' lang='lat' dir='ltr'>Diintzerus</span> <span class='ocrx_word' id='word_1_26' title='bbox 1454 728 1601 801; x_wconf 83' lang='lat' dir='ltr'>quoque</span> <span class='ocrx_word' id='word_1_27' title='bbox 1620 706 1768 801; x_wconf 79' lang='lat' dir='ltr'>scripsit</span> 
     </span>
    </p>
   </div>
   <div class='ocr_carea' id='block_1_3' title="bbox 441 820 1489 1081">
    <p class='ocr_par' dir='ltr' id='par_1_3' title="bbox 441 820 1489 1081">
     <span class='ocr_line' id='line_1_5' title="bbox 441 820 1489 918; baseline 0.016 -31"><span class='ocrx_word' id='word_1_28' title='bbox 441 821 577 915; x_wconf 76' lang='grc' dir='ltr'>ἐπιθῇσι,</span> <span class='ocrx_word' id='word_1_29' title='bbox 594 845 636 888; x_wconf 82' lang='lat' dir='ltr'>ex</span> <span class='ocrx_word' id='word_1_30' title='bbox 652 820 808 890; x_wconf 85' lang='lat' dir='ltr'>Funckei</span> <span class='ocrx_word' id='word_1_31' title='bbox 825 825 1047 918; x_wconf 85' lang='lat' dir='ltr'>conjectura,</span> <span class='ocrx_word' id='word_1_32' title='bbox 1062 828 1126 898; x_wconf 89' lang='lat' dir='ltr'>sed</span> <span class='ocrx_word' id='word_1_33' title='bbox 1140 845 1254 901; x_wconf 86' lang='lat' dir='ltr'>cetera</span> <span class='ocrx_word' id='word_1_34' title='bbox 1270 831 1342 903; x_wconf 88' lang='lat' dir='ltr'>hoe</span> <span class='ocrx_word' id='word_1_35' title='bbox 1361 833 1489 915; x_wconf 78' lang='lat' dir='ltr'>modo.</span> 
     </span>
     <span class='ocr_line' id='line_1_6' title="bbox 595 978 1328 1081; baseline 0.018 -36"><span class='ocrx_word' id='word_1_36' title='bbox 595 980 708 1059; x_wconf 76' lang='grc' dir='ltr'>ἐσθλοῖς</span> <span class='ocrx_word' id='word_1_37' title='bbox 727 1009 767 1051; x_wconf 79' lang='grc' dir='ltr'>τε</span> <span class='ocrx_word' id='word_1_38' title='bbox 793 978 910 1062; x_wconf 77' lang='grc' dir='ltr'>ξενίοισι</span> <span class='ocrx_word' id='word_1_39' title='bbox 925 990 1020 1061; x_wconf 75' lang='grc' dir='ltr'>κακὴν</span> <span class='ocrx_word' id='word_1_40' title='bbox 1036 989 1152 1081; x_wconf 70' lang='grc' dir='ltr'>ἐπιθῇσι</span> <span class='ocrx_word' id='word_1_41' title='bbox 1171 998 1328 1079; x_wconf 68' lang='grc' dir='ltr'>τελευτήν,</span> 
     </span>
    </p>
   </div>
   <div class='ocr_carea' id='block_1_4' title="bbox 438 1137 1772 1483">
    <p class='ocr_par' dir='ltr' id='par_1_4' title="bbox 438 1137 1772 1483">
     <span class='ocr_line' id='line_1_7' title="bbox 440 1137 1771 1244; baseline 0.013 -42"><span class='ocrx_word' id='word_1_42' title='bbox 440 1137 574 1210; x_wconf 90' lang='lat' dir='ltr'>omisso</span> <span class='ocrx_word' id='word_1_43' title='bbox 593 1139 635 1212; x_wconf 81' lang='grc' dir='ltr'>δ’.</span> <span class='ocrx_word' id='word_1_44' title='bbox 652 1144 783 1211; x_wconf 86' lang='lat' dir='ltr'>Verum</span> <span class='ocrx_word' id='word_1_45' title='bbox 800 1145 980 1238; x_wconf 79' lang='lat' dir='ltr'>quantivis</span> <span class='ocrx_word' id='word_1_46' title='bbox 994 1147 1097 1241; x_wconf 85' lang='lat' dir='ltr'>pretii</span> <span class='ocrx_word' id='word_1_47' title='bbox 1116 1162 1167 1218; x_wconf 88' lang='lat' dir='ltr'>est</span> <span class='ocrx_word' id='word_1_48' title='bbox 1188 1149 1365 1220; x_wconf 88' lang='lat' dir='ltr'>medicina</span> <span class='ocrx_word' id='word_1_49' title='bbox 1394 1152 1522 1221; x_wconf 91' lang='lat' dir='ltr'>ultimo</span> <span class='ocrx_word' id='word_1_50' title='bbox 1539 1151 1656 1221; x_wconf 81' lang='lat' dir='ltr'>versui</span> <span class='ocrx_word' id='word_1_51' title='bbox 1674 1150 1771 1244; x_wconf 85' lang='lat' dir='ltr'>ejus·</span> 
     </span>
     <span class='ocr_line' id='line_1_8' title="bbox 438 1254 1772 1371; baseline 0.008 -44"><span class='ocrx_word' id='word_1_52' title='bbox 438 1254 520 1329; x_wconf 87' lang='lat' dir='ltr'>dem</span> <span class='ocrx_word' id='word_1_53' title='bbox 540 1263 728 1361; x_wconf 79' lang='lat' dir='ltr'>fragmenti</span> <span class='ocrx_word' id='word_1_54' title='bbox 752 1265 854 1335; x_wconf 90' lang='lat' dir='ltr'>allata</span> <span class='ocrx_word' id='word_1_55' title='bbox 877 1267 923 1339; x_wconf 88' lang='lat' dir='ltr'>ab</span> <span class='ocrx_word' id='word_1_56' title='bbox 944 1258 1079 1358; x_wconf 72' lang='grc'>113110,</span> <span class='ocrx_word' id='word_1_57' title='bbox 1101 1270 1138 1339; x_wconf 91' lang='lat' dir='ltr'>ln</span> <span class='ocrx_word' id='word_1_58' title='bbox 1159 1272 1315 1342; x_wconf 79' lang='lat' dir='ltr'>Funckei</span> <span class='ocrx_word' id='word_1_59' title='bbox 1326 1272 1471 1361; x_wconf 90' lang='lat' dir='ltr'>libello,</span> <span class='ocrx_word' id='word_1_60' title='bbox 1500 1288 1552 1344; x_wconf 85' lang='lat' dir='ltr'>utr</span> <span class='ocrx_word' id='word_1_61' title='bbox 1577 1273 1772 1371; x_wconf 69' lang='lat' dir='ltr'>suspicorae</span> 
     </span>
     <span class='ocr_line' id='line_1_9' title="bbox 439 1385 580 1483; baseline 0.007 -27"><span class='ocrx_word' id='word_1_62' title='bbox 439 1385 580 1483; x_wconf 89' lang='lat' dir='ltr'>prodita</span> 
     </span>
    </p>
   </div>
   <div class='ocr_carea' id='block_1_5' title="bbox 404 1528 1770 3152">
    <p class='ocr_par' dir='ltr' id='par_1_5' title="bbox 404 1528 1770 3152">
     <span class='ocr_line' id='line_1_10' title="bbox 595 1528 1424 1640; baseline 0.004 -29"><span class='ocrx_word' id='word_1_63' title='bbox 595 1544 734 1639; x_wconf 80' lang='grc' dir='ltr'>Καὶγσὶρ</span> <span class='ocrx_word' id='word_1_64' title='bbox 756 1545 784 1612; x_wconf 84' lang='lat' dir='ltr'>oi</span> <span class='ocrx_word' id='word_1_65' title='bbox 804 1528 888 1622; x_wconf 80' lang='grc' dir='ltr'>Ᾰτης</span> <span class='ocrx_word' id='word_1_66' title='bbox 906 1571 940 1611; x_wconf 83' lang='grc' dir='ltr'>τε</span> <span class='ocrx_word' id='word_1_67' title='bbox 960 1547 1011 1613; x_wconf 76' lang='grc' dir='ltr'>καὶ</span> <span class='ocrx_word' id='word_1_68' title='bbox 1033 1539 1135 1640; x_wconf 66' lang='grc' dir='ltr'>Ϋθρισς</span> <span class='ocrx_word' id='word_1_69' title='bbox 1155 1543 1212 1613; x_wconf 83' lang='grc' dir='ltr'>αἶσ’</span> <span class='ocrx_word' id='word_1_70' title='bbox 1232 1549 1289 1638; x_wconf 79' lang='grc' dir='ltr'>ἅμ’</span> <span class='ocrx_word' id='word_1_71' title='bbox 1304 1540 1424 1621; x_wconf 71' lang='grc' dir='ltr'>ὀπηδεῖ.</span> 
     </span>
     <span class='ocr_line' id='line_1_11' title="bbox 439 1670 1770 1785; baseline 0.001 -20"><span class='ocrx_word' id='word_1_72' title='bbox 439 1695 537 1765; x_wconf 92' lang='lat' dir='ltr'>ldem</span> <span class='ocrx_word' id='word_1_73' title='bbox 557 1700 782 1782; x_wconf 82' lang='lat' dir='ltr'>Diintzerus,</span> <span class='ocrx_word' id='word_1_74' title='bbox 804 1692 862 1761; x_wconf 90' lang='lat' dir='ltr'>cui</span> <span class='ocrx_word' id='word_1_75' title='bbox 886 1689 995 1783; x_wconf 89' lang='lat' dir='ltr'>hujus</span> <span class='ocrx_word' id='word_1_76' title='bbox 1016 1693 1280 1766; x_wconf 83' lang='lat' dir='ltr'>emendationis</span> <span class='ocrx_word' id='word_1_77' title='bbox 1303 1695 1468 1765; x_wconf 75' lang='lat' dir='ltr'>notitiam</span> <span class='ocrx_word' id='word_1_78' title='bbox 1487 1670 1621 1785; x_wconf 80' lang='lat' dir='ltr'>debeo,</span> <span class='ocrx_word' id='word_1_79' title='bbox 1641 1698 1676 1767; x_wconf 95' lang='lat' dir='ltr'>in</span> <span class='ocrx_word' id='word_1_80' title='bbox 1701 1697 1770 1766; x_wconf 91' lang='lat' dir='ltr'>lra-</span> 
     </span>
     <span class='ocr_line' id='line_1_12' title="bbox 438 1823 1768 1920; baseline 0 -25"><span class='ocrx_word' id='word_1_81' title='bbox 438 1841 585 1920; x_wconf 90' lang='lat' dir='ltr'>gmento</span> <span class='ocrx_word' id='word_1_82' title='bbox 607 1823 668 1914; x_wconf 84' lang='lat'>15,</span> <span class='ocrx_word' id='word_1_83' title='bbox 684 1852 716 1895; x_wconf 86' lang='lat' dir='ltr'>v.</span> <span class='ocrx_word' id='word_1_84' title='bbox 732 1828 776 1913; x_wconf 76' lang='lat' dir='ltr'>d,</span> <span class='ocrx_word' id='word_1_85' title='bbox 792 1840 876 1896; x_wconf 88' lang='lat' dir='ltr'>ante</span> <span class='ocrx_word' id='word_1_86' title='bbox 892 1847 949 1892; x_wconf 92' lang='lat' dir='ltr'>me</span> <span class='ocrx_word' id='word_1_87' title='bbox 968 1823 1167 1918; x_wconf 80' lang='lat' dir='ltr'>conjecerat</span> <span class='ocrx_word' id='word_1_88' title='bbox 1182 1826 1310 1920; x_wconf 74' lang='grc' dir='ltr'>ἀνάγκῃ.</span> <span class='ocrx_word' id='word_1_89' title='bbox 1333 1826 1499 1894; x_wconf 89' lang='lat' dir='ltr'>Ceterum</span> <span class='ocrx_word' id='word_1_90' title='bbox 1525 1826 1601 1920; x_wconf 87' lang='lat' dir='ltr'>ejus</span> <span class='ocrx_word' id='word_1_91' title='bbox 1615 1827 1704 1915; x_wconf 81' lang='lat' dir='ltr'>riri,</span> <span class='ocrx_word' id='word_1_92' title='bbox 1725 1827 1768 1897; x_wconf 93' lang='lat' dir='ltr'>in</span> 
     </span>
     <span class='ocr_line' id='line_1_13' title="bbox 438 1945 1768 2043; baseline 0.001 -26"><span class='ocrx_word' id='word_1_93' title='bbox 438 1947 547 2018; x_wconf 93' lang='lat' dir='ltr'>bonis</span> <span class='ocrx_word' id='word_1_94' title='bbox 564 1948 675 2017; x_wconf 90' lang='lat' dir='ltr'>literis</span> <span class='ocrx_word' id='word_1_95' title='bbox 696 1947 923 2019; x_wconf 76' lang='lat' dir='ltr'>demetendis</span> <span class='ocrx_word' id='word_1_96' title='bbox 938 1946 1192 2043; x_wconf 80' lang='lat' dir='ltr'>impigerrimi,</span> <span class='ocrx_word' id='word_1_97' title='bbox 1213 1945 1466 2017; x_wconf 81' lang='lat' dir='ltr'>collectionem</span> <span class='ocrx_word' id='word_1_98' title='bbox 1482 1947 1768 2042; x_wconf 78' lang='lat' dir='ltr'>fragmentorum</span> 
     </span>
     <span class='ocr_line' id='line_1_14' title="bbox 439 2068 1769 2167; baseline 0 -26"><span class='ocrx_word' id='word_1_99' title='bbox 439 2074 624 2167; x_wconf 88' lang='lat' dir='ltr'>epicorum</span> <span class='ocrx_word' id='word_1_100' title='bbox 643 2072 868 2142; x_wconf 76' lang='lat' dir='ltr'>utilissrrnam</span> <span class='ocrx_word' id='word_1_101' title='bbox 893 2070 1003 2164; x_wconf 90' lang='lat' dir='ltr'>magis</span> <span class='ocrx_word' id='word_1_102' title='bbox 1026 2070 1132 2138; x_wconf 87' lang='lat' dir='ltr'>etiarn</span> <span class='ocrx_word' id='word_1_103' title='bbox 1155 2068 1412 2163; x_wconf 85' lang='lat' dir='ltr'>probaremus,</span> <span class='ocrx_word' id='word_1_104' title='bbox 1435 2071 1464 2140; x_wconf 86' lang='lat' dir='ltr'>si</span> <span class='ocrx_word' id='word_1_105' title='bbox 1497 2086 1615 2141; x_wconf 83' lang='lat' dir='ltr'>vetera</span> <span class='ocrx_word' id='word_1_106' title='bbox 1636 2071 1769 2142; x_wconf 89' lang='lat' dir='ltr'>editio-</span> 
     </span>
     <span class='ocr_line' id='line_1_15' title="bbox 439 2188 1768 2291; baseline 0.002 -29"><span class='ocrx_word' id='word_1_107' title='bbox 439 2219 527 2265; x_wconf 90' lang='lat' dir='ltr'>num</span> <span class='ocrx_word' id='word_1_108' title='bbox 550 2196 636 2265; x_wconf 86' lang='lat' dir='ltr'>vitia</span> <span class='ocrx_word' id='word_1_109' title='bbox 658 2194 779 2291; x_wconf 86' lang='lat' dir='ltr'>paullo</span> <span class='ocrx_word' id='word_1_110' title='bbox 804 2194 1013 2289; x_wconf 89' lang='lat' dir='ltr'>diligentius</span> <span class='ocrx_word' id='word_1_111' title='bbox 1036 2188 1187 2261; x_wconf 87' lang='lat' dir='ltr'>cavisset</span> <span class='ocrx_word' id='word_1_112' title='bbox 1195 2218 1205 2279; x_wconf 78' lang='lat'><em>3</em></span> <span class='ocrx_word' id='word_1_113' title='bbox 1232 2216 1316 2261; x_wconf 89' lang='lat' dir='ltr'>nam</span> <span class='ocrx_word' id='word_1_114' title='bbox 1338 2193 1467 2264; x_wconf 87' lang='lat' dir='ltr'>vitiosa</span> <span class='ocrx_word' id='word_1_115' title='bbox 1486 2193 1599 2264; x_wconf 88' lang='lat' dir='ltr'>multa</span> <span class='ocrx_word' id='word_1_116' title='bbox 1618 2194 1768 2290; x_wconf 84' lang='lat' dir='ltr'>reliquit</span> 
     </span>
     <span class='ocr_line' id='line_1_16' title="bbox 439 2314 1766 2413; baseline -0.002 -23"><span class='ocrx_word' id='word_1_117' title='bbox 439 2319 579 2390; x_wconf 93' lang='lat' dir='ltr'>dudum</span> <span class='ocrx_word' id='word_1_118' title='bbox 592 2319 648 2390; x_wconf 82' lang='lat' dir='ltr'>vel</span> <span class='ocrx_word' id='word_1_119' title='bbox 665 2345 706 2390; x_wconf 80' lang='lat' dir='ltr'>ex</span> <span class='ocrx_word' id='word_1_120' title='bbox 721 2319 909 2390; x_wconf 88' lang='lat' dir='ltr'>codicibus</span> <span class='ocrx_word' id='word_1_121' title='bbox 923 2331 1081 2388; x_wconf 89' lang='lat' dir='ltr'>correcta</span> <span class='ocrx_word' id='word_1_122' title='bbox 1095 2315 1185 2386; x_wconf 86' lang='lat' dir='ltr'>vela</span> <span class='ocrx_word' id='word_1_123' title='bbox 1204 2314 1369 2387; x_wconf 89' lang='lat' dir='ltr'>lelicibus</span> <span class='ocrx_word' id='word_1_124' title='bbox 1385 2317 1538 2413; x_wconf 90' lang='lat' dir='ltr'>ingeniis</span> <span class='ocrx_word' id='word_1_125' title='bbox 1556 2320 1766 2390; x_wconf 83' lang='lat' dir='ltr'>instaurata.</span> 
     </span>
     <span class='ocr_line' id='line_1_17' title="bbox 404 2438 1766 2538; baseline -0.003 -23"><span class='ocrx_word' id='word_1_126' title='bbox 404 2518 409 2527; x_wconf 74' lang='grc'><em>,</em></span> <span class='ocrx_word' id='word_1_127' title='bbox 438 2450 475 2515; x_wconf 93' lang='lat' dir='ltr'>ln</span> <span class='ocrx_word' id='word_1_128' title='bbox 504 2445 704 2514; x_wconf 86' lang='lat' dir='ltr'>Germaniae</span> <span class='ocrx_word' id='word_1_129' title='bbox 729 2440 873 2538; x_wconf 91' lang='lat' dir='ltr'>oppidis</span> <span class='ocrx_word' id='word_1_130' title='bbox 897 2453 1065 2537; x_wconf 88' lang='lat' dir='ltr'>prompta</span> <span class='ocrx_word' id='word_1_131' title='bbox 1084 2438 1198 2509; x_wconf 90' lang='lat' dir='ltr'>cuivis</span> <span class='ocrx_word' id='word_1_132' title='bbox 1218 2455 1254 2511; x_wconf 87' lang='lat' dir='ltr'>et</span> <span class='ocrx_word' id='word_1_133' title='bbox 1278 2454 1398 2536; x_wconf 86' lang='lat' dir='ltr'>parata</span> <span class='ocrx_word' id='word_1_134' title='bbox 1416 2455 1469 2510; x_wconf 83' lang='lat' dir='ltr'>est</span> <span class='ocrx_word' id='word_1_135' title='bbox 1494 2441 1701 2512; x_wconf 89' lang='lat' dir='ltr'>criticorum</span> <span class='ocrx_word' id='word_1_136' title='bbox 1722 2441 1766 2511; x_wconf 95' lang='lat' dir='ltr'>li·</span> 
     </span>
     <span class='ocr_line' id='line_1_18' title="bbox 437 2561 1763 2663; baseline -0.001 -24"><span class='ocrx_word' id='word_1_137' title='bbox 437 2568 586 2639; x_wconf 92' lang='lat' dir='ltr'>brorum</span> <span class='ocrx_word' id='word_1_138' title='bbox 606 2568 709 2663; x_wconf 88' lang='lat' dir='ltr'>copia</span> <span class='ocrx_word' id='word_1_139' title='bbox 727 2565 952 2652; x_wconf 81' lang='lat' dir='ltr'>beatissima3</span> <span class='ocrx_word' id='word_1_140' title='bbox 975 2563 1012 2633; x_wconf 94' lang='lat' dir='ltr'>in</span> <span class='ocrx_word' id='word_1_141' title='bbox 1036 2561 1131 2633; x_wconf 89' lang='lat' dir='ltr'>Urbe</span> <span class='ocrx_word' id='word_1_142' title='bbox 1152 2578 1275 2635; x_wconf 89' lang='lat' dir='ltr'>nostra</span> <span class='ocrx_word' id='word_1_143' title='bbox 1292 2562 1349 2634; x_wconf 86' lang='lat' dir='ltr'>bae</span> <span class='ocrx_word' id='word_1_144' title='bbox 1375 2564 1511 2635; x_wconf 89' lang='lat' dir='ltr'>scilicet</span> <span class='ocrx_word' id='word_1_145' title='bbox 1538 2591 1658 2661; x_wconf 72' lang='lat' dir='ltr'>nugae,</span> <span class='ocrx_word' id='word_1_146' title='bbox 1691 2568 1763 2638; x_wconf 88' lang='lat' dir='ltr'>nisi</span> 
     </span>
     <span class='ocr_line' id='line_1_19' title="bbox 436 2683 1763 2788; baseline 0.002 -28"><span class='ocrx_word' id='word_1_147' title='bbox 436 2690 620 2788; x_wconf 88' lang='lat' dir='ltr'>possideas</span> <span class='ocrx_word' id='word_1_148' title='bbox 640 2690 733 2786; x_wconf 75' lang='lat' dir='ltr'>ipse,</span> <span class='ocrx_word' id='word_1_149' title='bbox 752 2710 836 2757; x_wconf 91' lang='lat' dir='ltr'>cum</span> <span class='ocrx_word' id='word_1_150' title='bbox 854 2710 994 2756; x_wconf 88' lang='lat' dir='ltr'>summa</span> <span class='ocrx_word' id='word_1_151' title='bbox 1016 2683 1225 2756; x_wconf 84' lang='lat' dir='ltr'>difficultate</span> <span class='ocrx_word' id='word_1_152' title='bbox 1242 2700 1277 2756; x_wconf 90' lang='lat' dir='ltr'>et</span> <span class='ocrx_word' id='word_1_153' title='bbox 1294 2689 1467 2783; x_wconf 89' lang='lat' dir='ltr'>temporis</span> <span class='ocrx_word' id='word_1_154' title='bbox 1487 2688 1680 2785; x_wconf 89' lang='lat' dir='ltr'>dispendio</span> <span class='ocrx_word' id='word_1_155' title='bbox 1696 2692 1763 2761; x_wconf 89' lang='lat' dir='ltr'>im·</span> 
     </span>
     <span class='ocr_line' id='line_1_20' title="bbox 437 2807 1761 2907; baseline 0.002 -26"><span class='ocrx_word' id='word_1_156' title='bbox 437 2813 534 2883; x_wconf 90' lang='lat' dir='ltr'>mani</span> <span class='ocrx_word' id='word_1_157' title='bbox 569 2811 797 2905; x_wconf 89' lang='lat' dir='ltr'>colliguntur.</span> <span class='ocrx_word' id='word_1_158' title='bbox 816 2813 997 2878; x_wconf 88' lang='lat' dir='ltr'>Damnum</span> <span class='ocrx_word' id='word_1_159' title='bbox 1014 2807 1237 2904; x_wconf 91' lang='lat' dir='ltr'>aliquatenus</span> <span class='ocrx_word' id='word_1_160' title='bbox 1262 2809 1406 2879; x_wconf 87' lang='lat' dir='ltr'>resarcit</span> <span class='ocrx_word' id='word_1_161' title='bbox 1432 2812 1761 2907; x_wconf 88' lang='lat' dir='ltr'>manuscriptorum</span> 
     </span>
     <span class='ocr_line' id='line_1_21' title="bbox 434 2929 1759 3019; baseline 0.001 -15"><span class='ocrx_word' id='word_1_162' title='bbox 434 2933 604 3004; x_wconf 90' lang='lat' dir='ltr'>codicum</span> <span class='ocrx_word' id='word_1_163' title='bbox 629 2931 834 3018; x_wconf 87' lang='lat' dir='ltr'>thesaurus,</span> <span class='ocrx_word' id='word_1_164' title='bbox 858 2943 893 2999; x_wconf 86' lang='lat' dir='ltr'>et</span> <span class='ocrx_word' id='word_1_165' title='bbox 915 2932 1216 3000; x_wconf 88' lang='lat' dir='ltr'>Conservatorum</span> <span class='ocrx_word' id='word_1_166' title='bbox 1236 2929 1313 3019; x_wconf 79' lang='lat' dir='ltr'>ejus</span> <span class='ocrx_word' id='word_1_167' title='bbox 1338 2929 1446 3000; x_wconf 90' lang='lat' dir='ltr'>ardor</span> <span class='ocrx_word' id='word_1_168' title='bbox 1470 2931 1691 3004; x_wconf 89' lang='lat' dir='ltr'>admirabilis</span> <span class='ocrx_word' id='word_1_169' title='bbox 1720 2960 1759 3005; x_wconf 88' lang='lat' dir='ltr'>ea</span> 
     </span>
     <span class='ocr_line' id='line_1_22' title="bbox 436 3051 1757 3152; baseline -0.002 -26"><span class='ocrx_word' id='word_1_170' title='bbox 436 3057 554 3128; x_wconf 79' lang='lat' dir='ltr'>studia</span> <span class='ocrx_word' id='word_1_171' title='bbox 574 3056 734 3152; x_wconf 86' lang='lat' dir='ltr'>gnaviter</span> <span class='ocrx_word' id='word_1_172' title='bbox 751 3052 965 3149; x_wconf 84' lang='lat' dir='ltr'>adjuvandi,</span> <span class='ocrx_word' id='word_1_173' title='bbox 982 3078 1060 3149; x_wconf 82' lang='lat' dir='ltr'>quae</span> <span class='ocrx_word' id='word_1_174' title='bbox 1079 3067 1175 3123; x_wconf 86' lang='lat' dir='ltr'>recto</span> <span class='ocrx_word' id='word_1_175' title='bbox 1186 3051 1324 3146; x_wconf 90' lang='lat' dir='ltr'>judicio</span> <span class='ocrx_word' id='word_1_176' title='bbox 1341 3053 1481 3124; x_wconf 91' lang='lat' dir='ltr'>institui</span> <span class='ocrx_word' id='word_1_177' title='bbox 1497 3071 1757 3149; x_wconf 86' lang='lat' dir='ltr'>cognoverunt.</span> 
     </span>
    </p>
   </div>
   <div class='ocr_carea' id='block_1_6' title="bbox 432 3175 1760 3371">
    <p class='ocr_par' dir='ltr' id='par_1_6' title="bbox 432 3175 1760 3371">
     <span class='ocr_line' id='line_1_23' title="bbox 435 3175 1760 3274; baseline -0.001 -24"><span class='ocrx_word' id='word_1_178' title='bbox 435 3181 498 3250; x_wconf 88' lang='lat' dir='ltr'>Vel</span> <span class='ocrx_word' id='word_1_179' title='bbox 518 3180 647 3250; x_wconf 89' lang='lat' dir='ltr'>barum</span> <span class='ocrx_word' id='word_1_180' title='bbox 669 3178 889 3274; x_wconf 90' lang='lat' dir='ltr'>plagularum</span> <span class='ocrx_word' id='word_1_181' title='bbox 911 3177 1066 3248; x_wconf 87' lang='lat' dir='ltr'>tenuitas</span> <span class='ocrx_word' id='word_1_182' title='bbox 1083 3176 1229 3246; x_wconf 88' lang='lat' dir='ltr'>lllorum</span> <span class='ocrx_word' id='word_1_183' title='bbox 1255 3175 1388 3270; x_wconf 87' lang='lat' dir='ltr'>largam</span> <span class='ocrx_word' id='word_1_184' title='bbox 1411 3175 1634 3250; x_wconf 84' lang='lat' dir='ltr'>voluntatem</span> <span class='ocrx_word' id='word_1_185' title='bbox 1657 3192 1760 3249; x_wconf 85' lang='lat' dir='ltr'>testa·</span> 
     </span>
     <span class='ocr_line' id='line_1_24' title="bbox 432 3300 542 3371; baseline -0.009 0"><span class='ocrx_word' id='word_1_186' title='bbox 432 3300 542 3371; x_wconf 81' lang='lat' dir='ltr'>bitur.</span> 
     </span>
    </p>
   </div>
   <div class='ocr_carea' id='block_1_7' title="bbox 1239 3424 1512 3541">
    <p class='ocr_par' dir='ltr' id='par_1_7' title="bbox 1239 3424 1512 3541">
     <span class='ocr_line' id='line_1_25' title="bbox 1239 3424 1512 3541; baseline 0 -3"><span class='ocrx_word' id='word_1_187' title='bbox 1239 3473 1298 3539; x_wconf 63' lang='lat' dir='ltr'>ra.</span> <span class='ocrx_word' id='word_1_188' title='bbox 1327 3424 1512 3541; x_wconf 76' lang='lat' dir='ltr'>obenan.</span> 
     </span>
    </p>
   </div>
   <div class='ocr_carea' id='block_1_8' title="bbox 525 3589 902 3655">
    <p class='ocr_par' dir='ltr' id='par_1_8' title="bbox 525 3589 902 3655">
     <span class='ocr_line' id='line_1_26' title="bbox 525 3589 902 3655; baseline 0 -12"><span class='ocrx_word' id='word_1_189' title='bbox 525 3593 622 3644; x_wconf 74' lang='lat' dir='ltr'>Parisiis</span> <span class='ocrx_word' id='word_1_190' title='bbox 632 3628 638 3649; x_wconf 86' lang='lat'>‚</span> <span class='ocrx_word' id='word_1_191' title='bbox 650 3609 673 3644; x_wconf 80' lang='lat' dir='ltr'>u.</span> <span class='ocrx_word' id='word_1_192' title='bbox 686 3589 709 3641; x_wconf 88' lang='lat' dir='ltr'>d.</span> <span class='ocrx_word' id='word_1_193' title='bbox 725 3594 801 3641; x_wconf 68' lang='lat' dir='ltr'>utu.</span> <span class='ocrx_word' id='word_1_194' title='bbox 812 3599 902 3655; x_wconf 77' lang='lat' dir='ltr'>apriles.</span> 
     </span>
    </p>
   </div>
   <div class='ocr_carea' id='block_1_9' title="bbox 0 0 2004 5818">
    <p class='ocr_par' dir='ltr' id='par_1_9' title="bbox 0 0 2004 5818">
     <span class='ocr_line' id='line_1_27' title="bbox 0 0 2004 5818; baseline 0 3"><span class='ocrx_word' id='word_1_195' title='bbox 0 0 2004 5818; x_wconf 95' lang='lat' dir='ltr'> </span> 
     </span>
    </p>
   </div>
  </div>
 </body>
</html>
