3998 5818
259 442 298 495 40
803 424 1019 486 ANTthClll
1040 422 1284 484 FRAGMENTA.

260 562 376 623 decoeti
395 556 565 640 genitalibus
581 578 598 616 a
614 560 709 618 Crono
726 555 785 615 lilio
806 555 936 613 exsectis.
955 559 991 612 V.
1009 575 1020 611 1
1067 554 1231 635 παραμύθιον
1253 559 1299 627 τῆς
1317 554 1402 627 λύπης
1423 557 1494 637 αὑτῷ
1513 555 1621 627 ἐποίησε
1644 555 1691 617 sir
1711 559 1830 637 mytra„

261 663 339 710 recte
355 646 603 723 Schellenbergius
622 643 710 723 λέχρις
731 644 829 721 (quod
850 643 951 701 melius
968 642 1024 699 hoc
1067 643 1114 713 τὴν
1126 641 1290 722 καλουμένην
1304 648 1414 713 hranx,
1428 642 1667 723 ἐξαριθμησάμενος
1682 644 1730 713 τὰς
1742 653 1829 731 yffi,

260 736 325 796 loco
337 755 422 814 quam
434 732 548 814 λέχρια),
560 733 611 790 ie.
624 735 741 806 oblique,
756 732 787 788 ἐκ
798 727 920 808 πλαγίου,
934 741 967 786 ut
976 749 1025 786 ex·
1068 727 1114 796 κάς
1133 729 1282 813 συμρορλς,
1305 739 1359 796 τοῖς
1376 729 1520 810 ἀλλοτρίοις
1544 740 1633 799 κακοῖς
1656 732 1757 792 ἐλάττω
1778 736 1829 808 rip

261 824 345 900 ponit
364 823 453 881 schol.
469 820 562 898 Apoll.
580 818 632 876 tth.
650 818 704 888 lll,
726 820 793 875 καθ.
812 816 904 876 Codd.
925 816 1023 895 λέχρια.
1068 820 1160 876 ἑαυτοῦ
1180 822 1261 876 ποιῶν
1279 815 1374 890 λίπην.
1395 817 1488 896 (Cous.
1511 820 1596 877 etiam
1619 821 1722 882 Athen.
1743 824 1828 894 Xlll,

262 912 306 968 lic
324 911 420 969 Urano
434 905 568 967 hemonis
584 904 641 961 titio
658 903 732 960 conl.
747 904 877 962 Eustatlr.
892 922 922 979 p.
940 903 1023 971 1154,
1070 925 1097 981 p,
1114 908 1182 981 597,
1201 908 1244 981 η),
1265 908 1327 964 1100
1339 925 1453 963 carme„
1472 925 1599 963 amorem
1621 909 1782 967 Antimachi
1799 924 1827 967 e,

263 1001 309 1071 ai,
326 996 470 1057 Alcmanis
487 994 656 1053 auctoritate
675 1004 811 1050 trientem,
828 993 954 1051 Verbum
973 994 1022 1049 ἀν·
1069 992 1162 1067 Lydes
1182 994 1349 1052 seculorum
1374 994 1519 1050 memorias
1544 995 1751 1053 cornmendavit
1774 1017 1782 1050 ς
1802 1016 1828 1053 ς’,

260 1084 395 1144 τιτίτυκτυ
408 1085 432 1142 si
443 1083 563 1161 proprie
574 1080 770 1157 accipiendum
790 1093 842 1153 est,
859 1081 960 1136 Contra
980 1080 1023 1136 rel
1068 1079 1150 1137 Ovid.
1165 1081 1190 1138 T
1193 1080 1251 1138 rist.
1263 1081 1292 1153 l,
1303 1081 1330 1150 6,
1346 1099 1376 1148 13
1392 1080 1580 1157 Posidippum
1595 1080 1623 1137 in
1640 1082 1754 1139 anthol,
1765 1081 1827 1141 pat,

262 1198 300 1233 ex
309 1180 561 1233 aduersostructns
576 1172 654 1246 snit,
670 1171 821 1230 ostendere
845 1171 958 1227 videtur
975 1169 1025 1226 de·
1069 1166 1136 1239 llll,
1157 1169 1220 1239 168,
1246 1168 1432 1245 Asclepiaden
1445 1167 1516 1228 ibid.
1535 1167 1590 1241 lli,
1605 1168 1658 1238 635
1674 1168 1724 1226 sed
1742 1168 1831 1247 huju,

262 1264 348 1321 scribi
364 1261 400 1320 ab
412 1260 582 1341 Antimacho
599 1261 694 1318 locum
709 1259 810 1317 statuis
824 1270 966 1316 ornatum.

587 1355 694 1416 XLIII.

301 1443 511 1522 ScriptorVitae
525 1442 621 1514 Arati,
635 1443 665 1499 in
682 1438 803 1520 ἐξηγήσει
821 1441 855 1498 ad
870 1461 897 1498 v.
914 1443 947 1499 15
971 1461 1023 1517 sq,

263 1533 345 1610 Χαῖρε
354 1573 362 1601 ,
376 1527 471 1610 πάτερ,
528 1525 604 1595 αὗτθς
616 1527 662 1588 καλ
680 1527 793 1610 προτέρη
806 1526 898 1606 γενεή,
919 1548 947 1605 p.
967 1538 1020 1597 θην

264 1618 348 1676 Bnhl.
360 1615 454 1676 r'llrot
464 1618 487 1674 oi
497 1619 614 1681 Τιτᾶνες.
628 1611 704 1681 'loon
716 1613 761 1675 καλ
774 1612 847 1696 παρθι
859 1612 1022 1696 Ἀντιμάχῳ·

297 1712 429 1799 Γηγενίας
437 1736 466 1771 τε
477 1707 549 1778 decb<
562 1706 766 1789 προτερηγενίας
779 1705 904 1774 Τιτῆνας·
939 1698 947 1711 ’

262 1825 394 1889 Correxit
406 1818 649 1882 Scltueidewinus.
666 1816 758 1890 Vulgo
770 1833 847 1890 προτ.
858 1831 887 1865 τε
895 1808 1021 1875 Τιτῆνας·

302 1996 486 2057 Choerobosc.
506 1998 535 2056 in
552 1998 671 2056 Rekberi
692 1996 799 2055 Anecd.
818 2016 845 2073 p.
866 1997 939 2072 1393
958 2018 965 2053 t
983 1995 1024 2057 Τθ

263 2084 358 2143 Λάδων
373 2083 440 2163 (ἔστι
455 2081 482 2142 δὲ
502 2083 585 2162 ὄνομα
598 2085 728 2162 ποταμοῦ)
746 2080 796 2141 ὑπὸ
811 2081 967 2163 Ἀντιμάχου
982 2083 1024 2143 διὰ

264 2177 308 2230 τοῦ
316 2197 338 2229 ω
346 2172 462 2231 κέκλιται
470 2170 610 2251 ἀναλόγως,
621 2163 674 2231 οἷον
686 2168 847 2236 «haldoinus»
855 2171 936 2230 Coul.
947 2174 1024 2231 Pan-

263 2280 321 2318 san.
335 2261 415 2332 vrit,
434 2258 483 2331 ab,
499 2269 525 2328 d.

301 2357 409 2414 Praeter
422 2354 483 2413 haec
499 2355 529 2413 in
546 2355 694 2415 Thebaide
710 2357 803 2414 locum
817 2353 923 2413 habere
939 2367 1023 2432 pote-

263 2455 327 2500 rant
343 2444 502 2519 fragmenta
523 2443 696 2514 incertam,
718 2444 765 2518 69,
783 2463 830 2515 71,
854 2445 900 2519 73,
914 2448 960 2515 80,
976 2443 1023 2517 θη,

261 2550 309 2604 90,
329 2551 393 2602 111,
408 2530 484 2608 quod
500 2531 529 2588 in
541 2530 610 2609 ipsis
625 2530 745 2590 ostendi.

589 2730 698 2789 artu.

302 2825 487 2885 Antimachus
515 2828 609 2905 Lydes
636 2846 733 2885 artiore
762 2838 911 2904 correptus
934 2830 1022 2888 Colo-

261 2912 358 2987 phone
369 2915 467 2971 relicta
480 2916 509 2972 iu
524 2914 659 2991 Lydiam,
672 2915 789 2971 sortasse
803 2913 941 2973 Sardibus
953 2916 1021 2992 ipsis

261 2998 420 3057 habitatum
452 3000 532 3059 abiit.
556 3000 625 3059 lnde
654 3014 720 3077 post
750 3013 870 3057 mortem
895 3001 970 3060 illius
991 3004 1020 3060 in

260 3088 380 3162 patriam
394 3087 480 3145 rediit
494 3101 521 3146 et
536 3089 667 3147 dolorem
680 3087 833 3164 elegiarum
858 3086 938 3145 libris
954 3090 1023 3148 scri-

259 3173 362 3232 bendis
386 3174 542 3233 solabatur.
569 3175 672 3236 Narrat
685 3173 741 3231 hoc
763 3176 970 3234 llermcsianax
993 3177 1020 3234 in

260 3260 445 3319 celeberrima
455 3263 560 3340 Elegia,
575 3284 600 3319 r.
619 3271 652 3330 ην
664 3280 744 3338 sqq.:

299 3373 387 3447 Λύδης
401 3376 423 3433 θ’
438 3374 590 3456 Ἀντίμαχος
603 3370 733 3446 Λυσηίδος
744 3376 773 3432 ἐκ
790 3372 836 3451 μὲν
849 3373 941 3455 ἔρωτος

338 3482 446 3561 πληγεὶς
456 3484 604 3543 Πακτωλοῦ
619 3482 691 3563 ῥεῦμ’
705 3478 786 3551 tetdo
800 3487 930 3559 ποταμοῦ.

300 3585 448 3667 Σαρδιανλν
463 3583 491 3643 δὲ
505 3590 633 3646 θανοῦσαν
645 3584 697 3644 θπθ
708 3582 786 3667 ξηρὴν
801 3583 859 3644 θέτο
871 3594 961 3663 γαῖαν,

340 3688 462 3768 Τμῶλιον
478 3688 566 3758 αίζαον
581 3691 604 3748 δ’
616 3682 693 3762 ἦλθεν
707 3686 894 3770 ἀποπρολιπὼν

299 3794 380 3877 ἄκρην
394 3797 418 3862 ἐς
433 3796 595 3876 Κολοφῶνα,
608 3794 678 3875 γόων
693 3794 716 3854 θ’
729 3794 890 3866 ἐνεπλήσατο
905 3794 1009 3873 βίὸλους

337 3898 407 3981 ipit,
422 3901 452 3959 ἐκ
465 3899 560 3967 παντὸς
572 3898 739 3978 παυσάμενος
756 3897 886 3977 καμάτου.

259 4020 296 4079 Et
312 4018 484 4077 Plutarchus
505 4018 709 4077 Consolatione
731 4019 766 4075 ad
790 4018 970 4095 Apollonium
989 4038 1017 4095 p.

261 4107 325 4179 106,
346 4108 394 4164 B:
414 4104 569 4183 Ἀντίμαχος
591 4109 605 4163 θ
623 4104 747 4177 ποιητὴς,
767 4102 946 4176 ἀποθανούσης
969 4108 1017 4175 τῆς

256 4192 376 4271 γυναικὸς
394 4195 472 4251 αὐτοῦ
493 4192 595 4264 Λύδης,
616 4192 678 4273 πρὸς
699 4193 731 4265 ἣν
751 4190 925 4274 φιλοστόργως
945 4181 1014 4270 εἶχε,

289 4470 365 4524 Deos
379 4485 409 4524 ex
425 4471 498 4525 terra
520 4405 709 4545 :tormidine
731 4468 838 4542 genitos
853 4468 974 4526 Titanas.

285 4633 390 4684 Ladonis
405 4562 659 4699 (drmdtoefluotdi⁸

548 4735 734 4759 “OQ—-

575 4814 689 4873 LYDE.

284 4913 910 4978 Lydes,tysetutte‚amorepermssussnnmacuus
924 4913 953 4962 ad
972 4916 1013 4963 Pa·

251 4982 1013 5047 ctolilinentatendit.tibiquumdeiunctamsubsardianaarida

250 5055 315 5102 terra
323 5053 508 5116 composuisset,
518 5053 597 5103 Tmoli
606 5066 661 5103 arce
668 5053 757 5112 relicta,
768 5052 933 5116 prolectusest
944 5051 968 5099 in
977 5052 1017 5117 al·-

251 5124 302 5170 tam
315 5120 494 5195 colophonem
505 5125 530 5173 et
540 5122 616 5173 libros
628 5134 709 5172 seems
726 5120 830 5184 querelis
846 5117 965 5184 implerit,
975 5120 1010 5171 sic

250 5189 283 5241 ab
292 5186 356 5240 omn
371 5191 454 5243 dolore
465 5195 572 5242 sanatus.

1068 1254 1130 1330 ipsa
1148 1253 1234 1311 rerba
1249 1255 1399 1313 referenda
1413 1268 1498 1314 sunt:

1067 1365 1141 1437 Λίδη
1156 1363 1200 1425 καλ
1211 1363 1284 1445 γένος
1298 1366 1351 1444 εἰμὶ
1368 1365 1413 1425 καί
1426 1365 1540 1446 οὕνομα,
1556 1370 1608 1427 τῶν
1623 1368 1645 1426 θ’
1658 1367 1712 1428 ἀπὸ
1726 1368 1828 1451 Κόδρου

1107 1469 1250 1553 σεμνοτέρη
1259 1474 1351 1529 πασῶν
1363 1470 1417 1550 εἰμὶ
1429 1472 1463 1530 δι’
1475 1471 1640 1552 Ἀντίμαχον.

1068 1579 1093 1635 Τ
1096 1575 1117 1643 ίς
1130 1574 1181 1657 γὰρ
1196 1573 1237 1654 ἔμ’
1251 1578 1298 1635 οὐκ
1310 1575 1397 1650 sistam
1411 1575 1448 1643 τίς
1462 1578 1508 1635 οὐκ
1523 1575 1662 1645 ἀνελίξατο
1675 1576 1764 1647 Λάδην

1106 1680 1136 1740 τὸ
1150 1680 1221 1750 ξυνὸν
1235 1684 1349 1743 Μουσῶν
1362 1686 1472 1763 γράμμα
1487 1683 1533 1742 καλ
1547 1681 1721 1763 Ἀντιμάχους

1068 1788 1131 1845 Non
1144 1786 1243 1863 elingit
1255 1797 1350 1844 tamen
1360 1786 1417 1843 hoc
1436 1806 1549 1844 carmen
1562 1786 1773 1863 quantumlibet
1782 1808 1831 1846 ee·

1068 1873 1209 1931 lebratum
1230 1885 1327 1931 notam
1346 1873 1530 1932 acrimoniam
1545 1872 1727 1946 Callimachi,
1748 1896 1828 1931 cror-

1066 1982 1128 2017 sum
1136 1975 1164 2017 et
1172 1964 1404 2018 minimcocutum
1416 1962 1459 2019 vel
1468 1964 1583 2039 elegans
1592 1962 1723 2020 dicentis.
1732 1962 1827 2023 Scltol.

1068 2051 1197 2126 Dionysii
1218 2052 1328 2127 Perieg.
1347 2050 1410 2109 init.
1420 2071 1446 2127 p.
1463 2051 1571 2122 317‚ar
1592 2051 1714 2109 bernis:
1729 2047 1829 2110 'Ociti

1068 2136 1238 2208 dedidimus
1251 2135 1280 2195 cd
1297 2136 1385 2217 παχθ,
1404 2139 1521 2219 οαρῶςθ
1539 2136 1713 2217 Καλλίμαχος
1729 2139 1755 2195 ἐν
1774 2146 1831 2203 ταῖς

1068 2223 1272 2304 Ἐπιγράμμασι
1301 2225 1390 2296 brici·
1412 2221 1540 2305 dirripiunt
1560 2220 1609 2307 γάρ
1627 2224 1785 2305 Ἀντιμάχου
1799 2224 1830 2286 τὸ

1067 2310 1170 2389 ποίημα
1183 2309 1230 2383 τλν
1243 2308 1347 2384 Λύδην,
1361 2308 1410 2393 ίρη
1426 2312 1470 2389 (fr.
1485 2321 1519 2382 θη
1528 2313 1569 2389 ¹l'

1164 2415 1238 2489 Λάδη
1253 2414 1297 2475 καλ
1307 2416 1380 2496 παχθ
1394 2414 1505 2498 γράμμα
1518 2415 1563 2476 καλ
1577 2419 1605 2475 οὗ
1620 2415 1703 2498 τοράν.

1070 2523 1179 2580 Desunt
1200 2522 1310 2599 reliqna
1335 2522 1563 2599 epigrammatis,
1587 2522 1615 2579 in
1635 2522 1739 2601 quibus
1755 2524 1828 2585 Pla·

1067 2611 1141 2667 tonis
1155 2609 1191 2666 dc
1210 2609 1380 2667 Antimacho
1394 2610 1537 2686 judicium
1552 2611 1737 2669 Callimachus
1756 2632 1830 2691 per-

1067 2698 1214 2755 strinxisse
1231 2696 1359 2767 videtur,
1378 2696 1568 2774 probabiliter
1587 2697 1640 2757 hoc
1660 2700 1774 2779 colligas
1787 2720 1827 2759 ex

1066 2786 1162 2845 Procli
1176 2782 1270 2842 verbis
1284 2804 1373 2862 snpra
1382 2806 1410 2863 p.
1423 2806 1459 2861 ομ
1478 2785 1539 2842 init.
1553 2786 1700 2863 appositis.

1105 2873 1218 2932 Naeltius
1236 2872 1271 2929 de
1289 2872 1415 2930 Choerilo
1430 2894 1458 2951 p.
1470 2875 1505 2946 73
1518 2897 1524 2929 ε
1537 2872 1643 2943 «Quod
1657 2874 1693 2931 ad
1708 2873 1826 2951 elegiam

1066 2960 1184 3030 attinet,
1204 2980 1261 3017 non
1284 2959 1387 3018 dubito
1408 2961 1494 3038 quin,
1516 2981 1602 3038 quam
1621 2962 1677 3017 rint
1701 2960 1826 3019 Thebais

1066 3048 1228 3107 Aritimachi
1243 3049 1272 3104 in
1287 3048 1398 3124 epicum
1412 3048 1528 3125 poesin,
1543 3048 1661 3106 eutrdem
1679 3048 1738 3105 lere
1749 3048 1828 3124 Lyde

1065 3140 1093 3195 in
1110 3138 1229 3215 elegiam
1243 3137 1411 3194 exseruerit.
1429 3136 1478 3195 ille
1493 3137 1602 3213 primus
1614 3137 1758 3216 antiquans
1772 3139 1827 3195 ele·

1065 3227 1117 3302 giae
1132 3223 1358 3301 simplicitatem,
1376 3244 1391 3281 a
1406 3223 1531 3298 Callino,
1547 3224 1732 3296 lilimnermo,
1749 3226 1826 3301 Tyr·

1066 3323 1119 3368 teeo
1132 3312 1341 3389 prescriptam,
1354 3323 1521 3385 temerasse,
1533 3313 1671 3390 praeclaro
1683 3314 1824 3391 exemplo,

1066 3400 1283 3475 dispositionem
1297 3398 1532 3470 artificiosius-em,
1546 3400 1594 3459 sed
1605 3399 1723 3459 eandem
1736 3402 1825 3458 mole-

1065 3487 1193 3557 stiorem,
1202 3486 1339 3543 doctrine
1349 3507 1437 3564 quum
1448 3488 1475 3545 in
1486 3487 1582 3561 rebus,
1591 3502 1649 3546 tum
1661 3489 1689 3545 in
1700 3488 1823 3547 dictione

1064 3575 1284 3633 ostentationem
1309 3574 1437 3634 intulisse
1460 3577 1489 3633 in
1510 3576 1568 3635 hoc
1592 3598 1712 3656 poeseos
1735 3598 1824 3657 genus

1064 3662 1186 3721 videtur.
1199 3662 1284 3733 Quod
1301 3664 1416 3740 quidem
1427 3684 1491 3722 cum
1510 3663 1588 3741 Lyda
1602 3665 1736 3725 omnibus
1751 3688 1821 3725 rou·

1063 3749 1219 3807 ditionibus
1235 3751 1396 3827 comparari
1411 3764 1522 3827 posset,
1536 3752 1694 3830 elegiacum
1709 3774 1821 3812 meroen

1063 3838 1183 3896 fortasse
1199 3837 1309 3896 nullum
1327 3858 1445 3916 usquam
1465 3840 1592 3913 exstitit,
1611 3840 1635 3899 si
1654 3839 1728 3899 sorte
1748 3842 1823 3899 ller-

1062 3926 1238 3985 mcsianactis
1251 3926 1403 3985 Leontium
1413 3926 1560 4003 exceperis
1571 3948 1578 3983 :
1589 3947 1621 3985 ac
1631 3946 1689 3984 non
1698 3927 1822 3986 maximo

1061 4014 1213 4072 inhonore
1228 4015 1313 4072 luisse
1326 4014 1402 4092 apud
1416 4014 1625 4073 Alexandrinos
1635 4015 1738 4073 mirum
1749 4012 1821 4072 illud

1061 4102 1224 4162 Antintachi
1236 4121 1366 4173 carmen,
1377 4114 1454 4160 certe
1462 4101 1539 4179 apud
1549 4101 1752 4160 Callimachum
1763 4122 1821 4159 nou

1062 4188 1162 4259 luisse,
1182 4189 1306 4247 ostendit
1322 4188 1397 4246 illius
1416 4189 1449 4245 ir.
1468 4196 1533 4256 θην.
1551 4188 1742 4247 Nihilominus
1758 4207 1826 4244 cer·

1089 4391 1142 4439 Hoc
1152 4399 1239 4451 genere
1247 4385 1356 4435 animum
1369 4385 1522 4436 demulcendi
1533 4399 1593 4435 usus
1604 4390 1641 4435 est
1659 4387 1732 4435 etiam
1752 4386 1819 4435 anti·

1059 4460 1158 4509 machus
1169 4458 1241 4523 poeta
1251 4471 1258 4506 ε
1270 4470 1346 4520 quum
1357 4456 1422 4507 enim
1430 4460 1509 4506 morte
1522 4456 1644 4507 amisisset
1658 4456 1744 4519 Lyden
1759 4468 1818 4506 uxo·

1059 4541 1122 4589 rem,
1132 4540 1205 4591 quam
1222 4526 1354 4577 admodum
1372 4539 1452 4576 earam
1464 4525 1590 4589 habuerit,
1607 4526 1712 4577 leniendi
1726 4524 1818 4575 doloris

1058 4609 1131 4646 cansa
1142 4596 1242 4659 elegiam
1251 4595 1349 4661 scripsit
1364 4598 1444 4646 θωνα
1457 4594 1563 4657 θίασον,
1574 4597 1600 4645 in
1612 4609 1660 4658 qna
1671 4594 1819 4645 enumeratis

1059 4665 1347 4715 heronmetherolnarnm
1356 4664 1543 4727 calamitatibus,
1557 4663 1690 4715 alienorum
1698 4663 1820 4715 malorum

1057 4733 1285 4784 commemoratione
1293 4745 1367 4784 sunm
1378 4745 1507 4784 merorem
1521 4733 1653 4785 detcrcbat.

1251 4840 1425 4921 Asclepiade
1435 4840 1618 4917 ‘epigramma

1056 4946 1122 5000 Sum
1137 4942 1213 5015 Lyde
1225 4956 1311 5013 genus
1325 4944 1353 4996 et
1367 4956 1476 5007 nomen,
1491 4940 1576 5012 magis
1590 4940 1690 5014 inclyia
1704 4937 1787 4996 Codri

1090 5021 1219 5092 progenie
1231 5024 1327 5078 cuncta
1340 5016 1412 5075 lacta
1427 5036 1474 5090 per
1487 5018 1691 5076 Antianachnm.

1055 5101 1122 5171 Quis
1137 5116 1193 5155 non
1205 5116 1248 5155 me
1259 5098 1374 5156 cecinit?
1384 5099 1444 5169 quis
1458 5114 1513 5154 non
1526 5099 1621 5171 Lyden
1636 5096 1781 5163 recitarit,

1090 5193 1262 5236 communem
1272 5179 1412 5234 Musarum
1425 5176 1632 5250 Antianachique
1644 5174 1767 5233 librum?
