3998 5818
288 304 305 356 a
840 287 1024 349 elstanni
1045 285 1294 347 FRAGMENTA.

346 426 445 483 Τοῦτον
457 422 479 480 δ’
490 419 567 479 αὐτὸν
582 423 596 477 b
608 420 703 495 δᾶμος,
717 421 753 485 ὡς
764 415 826 500 ocip'
837 417 916 496 εἰδῇς,

346 528 436 589 ἔοταο’
451 528 555 601 ἐνθάδε,
570 524 682 605 χάλκεον
697 522 798 595 ποήσας

346 636 451 699 πολλοῖς
463 632 542 711 pacis
557 629 646 690 ὄπισθε
664 632 818 700 κήνιοιυτοῖς.

327 773 412 844 erod
428 772 463 829 de
483 769 568 836 ἄθλοις
584 767 755 844 significavit
768 765 955 833 Theocritus,
975 784 1048 842 prae-

287 863 401 940 cipuam
418 871 527 937 partem
545 875 594 914 eos
612 855 699 911 fuisse
719 870 840 929 poeseos
856 852 1004 921 Pisandri,
1018 853 1048 909 id

289 951 447 1025 [raginenta
470 943 606 1001 videntur
631 941 808 997 confirmare.
831 939 1048 997 confutatur.

289 1040 358 1096 Dor.
370 1034 428 1092 vol.
444 1034 464 1102 Ι,
480 1051 508 1109 p.
526 1038 591 1098 444.
608 1026 780 1087 Plutarchus
793 1028 878 1103 (Mor.
891 1046 917 1102 p.
932 1026 1048 1097 857‚F)‚

288 1122 459 1184 Pisandrum
474 1119 550 1176 inter
561 1116 696 1193 antiquos
710 1115 866 1191 scriptores
879 1134 973 1171 rernm
984 1117 1051 1173 ller-

287 1214 359 1270 eulis
374 1219 535 1273 memorat,
559 1223 683 1283 quorum
702 1203 799 1261 nullus
818 1203 930 1260 noverit
945 1204 1051 1261 llercn·

226 1340 229 1349 ·
289 1304 343 1362 lem
360 1300 532 1379 AEgyptium.

326 1393 397 1463 Quae
411 1388 446 1446 de
459 1384 634 1445 carminibus
650 1384 721 1442 salso
735 1383 771 1441 ad
788 1382 960 1443 Pisandrum
976 1383 1051 1441 rela-

288 1481 322 1537 tis
335 1477 439 1537 Snidas
453 1474 541 1533 verba
559 1473 647 1543 lacit,
664 1470 816 1529 ostendere
836 1470 973 1527 videntur
991 1490 1048 1526 non

288 1569 372 1624 luisse
386 1585 476 1643 pauca
489 1607 496 1633 ,
512 1562 638 1640 primum
649 1558 683 1617 ch
698 1555 725 1617 δὲ
738 1557 807 1615 ἄλλοι
820 1561 872 1616 τῶν
884 1556 1049 1635 ποιημάτων,

287 1677 344 1713 raon
370 1655 427 1712 hoc
453 1653 498 1710 vel
524 1650 621 1721 illud;
649 1648 773 1720 deinde,
799 1644 925 1725 γενόμενα
951 1646 1001 1706 ὑπό
1021 1671 1050 1704 τε

285 1745 371 1803 αλλων
385 1742 430 1802 καὶ
441 1738 586 1823 Ἀριστέως,
605 1759 662 1796 nou
675 1737 775 1806 unius,
791 1735 841 1793 sed
854 1736 989 1813 plurium.
1015 1738 1050 1794 Et

286 1846 441 1913 supersunt
456 1833 615 1909 fragmenta
632 1849 696 1906 quae
715 1828 750 1885 ad
763 1827 929 1886 Heracleam
948 1825 1049 1884 referri

287 1936 453 2002 nequeuut3
469 1930 600 1997 superest
619 1915 814 1975 memorabilis
833 1916 913 1973 locus
932 1917 1046 1973 Macro·

288 2013 345 2083 bii,
363 2011 454 2068 multo
469 2010 553 2066 etiam
574 2006 662 2083 magis
685 2005 776 2062 aliena
791 2002 827 2061 ab
850 2003 899 2060 illo
916 2015 1050 2080 poemate

287 2120 406 2157 narrans
423 2098 547 2176 (Satura.
557 2097 589 2165 V,
605 2116 633 2165 a,
649 2114 677 2171 p.
691 2093 738 2170 6ο)
753 2115 760 2151 :
776 2118 787 2143 ο
802 2092 992 2149 Dictnrnmne
1004 2112 1049 2149 me

288 2188 394 2265 putatis
411 2205 522 2261 eaquae
542 2183 631 2259 vulgo
650 2194 717 2239 nota
739 2182 827 2238 sunt?
848 2179 927 2257 qtiod
949 2179 1049 2237 'l'heo-

287 2278 392 2335 critum
408 2272 566 2350 (Virgilinsl
586 2270 641 2329 sibi
667 2269 768 2328 lecerit
783 2268 934 2346 pastoralis
953 2268 1050 2345 operis

286 2378 434 2423 auctorem
447 2366 459 2420 i
473 2404 480 2419 .
493 2405 520 2418 ..
553 2407 559 2420 .
576 2361 619 2418 vel
643 2358 722 2436 qnod
745 2358 922 2415 eversionem
944 2356 1049 2434 Trojae,

286 2453 463 2512 cnruSiaone
475 2470 527 2507 suo
539 2460 567 2507 ct
582 2468 658 2525 equo
670 2448 776 2523 ligneo,
786 2446 945 2522 ceterisque
959 2447 1052 2503 omni-

286 2542 340 2599 bus
370 2560 434 2619 quae
453 2538 560 2595 librum
587 2534 745 2603 secundnm
769 2534 892 2604 faciunt,
908 2555 927 2588 a
946 2536 1051 2593 Pirou-

285 2632 335 2684 ‹lro
345 2648 432 2704 poenc
445 2629 486 2682 ad
499 2627 610 2680 verbum
624 2624 855 2696 transcripserit?
876 2621 924 2698 qui
939 2622 1050 2697 (Pisan-

286 2716 348 2791 der]
372 2718 449 2773 iuter
461 2715 577 2773 Graecos
592 2723 693 2789 poetas
709 2710 815 2767 eminet
833 2729 922 2786 opere
941 2710 1050 2787 quoda

287 2806 395 2882 nuptiis
413 2804 496 2862 iovis
523 2815 552 2860 et
573 2799 696 2859 lunonis
721 2798 879 2874 incipiens,
901 2799 1050 2858 universas

287 2893 441 2959 historias,
464 2910 528 2969 quae
549 2888 651 2945 mediis
673 2885 808 2943 omnibus
831 2886 941 2943 saeculis
961 2907 1050 2963 nsque

285 2984 449 3036 serietatem
462 2983 552 3054 ipsius
564 2979 701 3033 Pisandrr'
713 2976 905 3051 contigerunt,
922 2975 950 3032 in
964 2996 1048 3034 unam

286 3072 387 3128 seriem
402 3082 516 3127 coactas
533 3067 691 3144 redegerit,
715 3079 743 3124 et
765 3086 852 3124 unum
874 3086 910 3125 ex
930 3067 1049 3128 diversis

286 3157 413 3215 hiatibus
436 3169 599 3234 temporum
624 3173 730 3230 corpus
756 3154 911 3213 effecerit?
936 3157 966 3213 in
990 3179 1049 3235 quo

286 3266 374 3324 opere
397 3245 473 3303 inter
493 3243 628 3317 historias
651 3255 760 3300 ceteras
779 3243 912 3301 interitus
932 3265 1049 3323 qaroque

284 3333 380 3411 Trojae
396 3335 424 3389 in
443 3333 520 3389 hunc
533 3329 649 3388 modum
666 3331 773 3389 relatus
787 3344 861 3388 cst.»
877 3333 929 3390 llla
943 3333 979 3391 de
992 3356 1049 3391 car-

286 3424 361 3480 mine
377 3419 509 3478 Pisandri
528 3439 569 3476 «a
585 3418 668 3476 lovis
688 3431 717 3476 et
733 3419 855 3477 lunonis
872 3421 979 3496 nuptiis
1001 3423 1048 3479 in-

285 3509 411 3585 cipiente
423 3536 435 3559 ν
450 3509 510 3565 haec
523 3508 619 3566 Suidae
631 3506 778 3584 appellant
795 3506 830 3564 de
843 3507 934 3565 altero
946 3511 1048 3567 Pisan-

285 3596 338 3652 dro
351 3596 448 3653 dicta:
463 3592 638 3675 Πείσανδρος,
653 3591 783 3672 Νέστορος
797 3599 843 3651 τοῦ
861 3601 970 3666 ποιητοῦ
986 3596 1047 3670 υἱὸς,

284 3679 472 3761 Ααροινδιὺς,ἢ
487 3681 615 3747 Λοκοὶνιος
633 3681 687 3756 (sic
703 3682 805 3759 optimi
822 3681 954 3742 codices:
970 3701 1047 3743 reete

284 3770 456 3828 Gaissordus
478 3768 640 3835 Λυκαόνιοςε
661 3789 726 3827 nam
752 3769 812 3847 ejus
836 3782 944 3829 tractus
966 3788 1048 3831 erant

285 3858 445 3935 Laranda),
467 3856 577 3935 γεγονὼς
595 3856 639 3914 ἐπὶ
663 3855 828 3938 Ἀλεξάνδρου
854 3856 982 3937 βασιλέως
1002 3867 1047 3918 τοῦ

286 3947 312 4003 Μ
315 3945 413 4021 spoia<
426 3944 533 4013 παιδὸς,
545 3943 665 4009 ἐποποιὸς
676 3944 720 4002 καὶ
734 3943 818 4011 αὐτός.
833 3944 967 4027 Ἔγραψεν
980 3948 1047 4005 icco

285 4031 341 4112 ριάν
357 4032 478 4104 ποικίλην
496 4032 529 4091 δι’
541 4033 626 4107 ἐπῶν,
640 4030 672 4102 ἣν
686 4031 823 4114 ἔπιγροίρει
835 4030 969 4114 Ἦραῖκῶν
983 4033 1045 4113 (sic)

283 4117 445 4196 θεογαμίιον,
468 4120 494 4176 ἐν
513 4116 622 4198 βιὸλίοις
642 4116 684 4185 ἕξ·
701 4116 746 4177 καλ
765 4120 833 4177 ἄλλα
852 4120 1044 4199 καταλογάδην.

283 4206 339 4263 Sed
361 4219 479 4284 poetam
502 4205 557 4264 sub
579 4205 745 4265 Alexandro
771 4210 876 4265 Severo
903 4208 1044 4268 viventem

283 4294 418 4372 l'irgilins
432 4295 539 4352 imitari
556 4315 613 4351 non
637 4307 769 4372 poterat:
793 4293 830 4353 ab
853 4296 944 4354 altera
965 4312 1046 4374 parte

281 4383 402 4459 ἡρωϊκῶν
426 4381 573 4459 θεογαμίων
596 4383 671 4440 liber
687 4382 759 4440 adeo
774 4396 858 4460 aptus
876 4397 918 4442 est
937 4384 1045 4443 descri-

283 4470 375 4545 ptioni
390 4469 598 4543 Macrobiauae‚
617 4485 649 4529 ut
664 4472 766 4528 mirum
785 4473 908 4530 maxime
927 4473 1001 4531 soret
1022 4476 1044 4531 si

284 4558 490 4635 intelligeretur
501 4560 583 4617 alius.
599 4560 648 4616 Vel
662 4559 795 4616 codicum
806 4559 905 4621 Suidae
916 4561 1043 4618 omnium

1096 418 1299 496 compilatore,
1317 415 1366 495 qui
1382 418 1459 496 apud
1474 417 1650 495 Hesychium
1667 418 1790 481 fortasse
1803 422 1863 482 Μι-

1094 505 1192 563 lesium
1209 507 1316 583 legeret
1326 508 1447 587 ἡρωϊκῶν
1462 504 1730 588 ἰΙΙοτιιιιιθεογαρίων
1741 510 1860 570 initiam

1094 594 1181 653 foisse
1202 592 1289 674 Ἥρας
1310 593 1355 653 καλ
1376 591 1436 661 Διὸς
1457 591 1566 674 piper:
1588 615 1654 655 nam
1680 597 1860 661 vocabulum

1093 679 1205 762 ἠρωῖκός
1230 683 1350 741 fortuito
1373 681 1559 741 librariorum
1585 704 1727 745 consensu
1750 684 1861 748 abiisse

1093 770 1123 834 in
1138 770 1415 832 voceminauditam
1431 772 1497 849 quis
1510 770 1608 831 credat
1620 776 1633 833 i
1653 774 1747 843 (aude
1759 775 1862 853 dispu-

1094 871 1150 918 tata
1163 859 1200 918 ab
1209 860 1330 937 lleynio,
1344 860 1472 917 Excursu
1487 863 1498 919 l
1512 860 1620 937 inl'irg.
1629 865 1693 920 AEa.
1704 863 1728 920 ll
1738 906 1746 929 ,
1758 882 1788 940 p.
1799 865 1860 922 316

1093 965 1135 1024 sq.
1149 948 1194 1006 ed.
1208 946 1309 1024 Paris.)
1328 946 1477 1006 Macrobio
1493 948 1604 1006 accedit
1614 950 1747 1008 Zosimus
1765 954 1860 1021 testis,

1094 1034 1200 1091 Histor.
1214 1035 1249 1101 V,
1267 1054 1325 1109 29:
1343 1037 1411 1092 ...ὁ
1424 1032 1535 1106 ποιητὴς
1550 1034 1711 1116 Πείσανδρος
1724 1041 1740 1096 ὁ
1754 1041 1788 1116 τῇ
1804 1042 1860 1097 τῶν

1094 1118 1231 1201 Ἡρωϊκῶν
1244 1119 1401 1199 Θεογαριίων
1410 1122 1541 1205 ἐπιγραφῇ
1554 1133 1642 1181 πᾶσαν
1653 1126 1689 1190 ab<
1699 1127 1778 1185 εἰπεῖν
1788 1128 1862 1185 ἱστο-

1095 1205 1151 1286 ρίαν
1167 1205 1392 1288 παραλαμὸοἱνιον.

1133 1296 1239 1353 Verum
1252 1316 1311 1352 non
1327 1295 1464 1354 morabor
1474 1297 1612 1355 lectorem
1625 1298 1797 1356 enarrandis
1806 1299 1862 1357 ‹tit-

1094 1382 1284 1454 ficultatibus,
1308 1384 1353 1442 vel
1367 1385 1481 1461 lleynio
1498 1384 1770 1461 inexplicabilibus,
1788 1388 1860 1463 qni·

1095 1468 1208 1533 basilla
1223 1471 1258 1529 de
1278 1471 1423 1530 Pisandris
1440 1472 1561 1550 ‹luaestio
1577 1470 1778 1551 premebatur,
1803 1496 1858 1533 aa·

1095 1572 1208 1636 tequam
1222 1558 1390 1618 Welelierus
1406 1560 1457 1637 (de
1470 1560 1559 1637 Cyclo
1577 1560 1661 1638 cpico
1684 1582 1713 1639 p.
1732 1583 1767 1638 97
1782 1580 1860 1641 sqqa

1094 1649 1202 1705 exitam
1215 1668 1251 1706 ex
1265 1648 1320 1705 illis
1338 1646 1508 1727 ambagibus
1521 1661 1695 1707 monstraret
1708 1671 1715 1705 :
1734 1654 1781 1707 cui
1794 1654 1860 1709 rico

1095 1737 1329 1811 prestantissima
1343 1749 1374 1794 ut
1388 1757 1440 1814 per
1454 1737 1550 1794 omnia
1564 1738 1765 1808 assentiamur,
1789 1740 1861 1797 iacit

1094 1836 1123 1879 ct
1141 1822 1181 1880 rei
1200 1836 1322 1897 natura,
1341 1824 1615 1883 et'testimouiorum
1633 1826 1675 1884 ris
1690 1840 1769 1885 recte
1782 1828 1860 1885 sesti-

1096 1925 1187 1988 rnata‚
1203 1924 1231 1968 et
1251 1913 1307 1970 alia
1331 1913 1360 1969 iu
1383 1912 1444 1970 istis
1465 1911 1582 1985 rivulis,
1599 1913 1677 1973 unde
1700 1915 1859 1973 multorom

1094 1999 1267 2075 scriptorum
1284 2001 1411 2077 cognitio
1426 1998 1511 2058 nohis
1525 2000 1685 2061 haurienda
1697 2016 1756 2077 est,
1770 2003 1858 2060 simili

1095 2087 1180 2145 modo
1194 2089 1315 2161 inversa,
1326 2090 1664 2163 contaminata,consusa.
1673 2092 1777 2152 Paucis
1792 2112 1858 2170 quac

1094 2178 1141 2235 illc
1155 2177 1289 2255 exposuit
1311 2179 1539 2256 complectimur.

1135 2266 1250 2323 Veteres
1262 2265 1353 2323 critici
1370 2286 1406 2324 ex
1426 2266 1619 2337 carminibus,
1640 2288 1704 2345 qnae
1724 2268 1857 2331 Pisandri

1094 2354 1210 2411 nomiae
1224 2353 1406 2427 serebantur,
1418 2355 1582 2414 Heracleam
1596 2355 1687 2415 solam
1698 2356 1859 2417 Camircnsi

1095 2441 1281 2514 tribuebant;
1307 2445 1415 2521 reliqua
1430 2463 1485 2520 pro
1502 2446 1610 2522 spuriis
1625 2442 1793 2503 habebant:
1807 2448 1857 2504 sed

1094 2551 1152 2588 non
1169 2550 1258 2609 pauca
1275 2532 1463 2590 inveniuntur
1483 2534 1562 2610 apud
1584 2535 1789 2611 grammaticos
1807 2534 1859 2593 do-

1094 2632 1156 2677 ctos
1169 2632 1196 2677 et
1210 2619 1376 2678 recentibus
1388 2620 1470 2678 libris
1483 2622 1599 2679 minime
1611 2634 1859 2681 uteutcscomme·

1095 2721 1204 2765 morata
1218 2728 1254 2765 ex
1274 2708 1415 2767 Pisandro
1431 2710 1537 2786 quibus
1552 2711 1633 2768 locus
1656 2730 1721 2770 esse
1736 2730 1794 2768 nou
1807 2730 1860 2789 po·

1095 2808 1169 2854 terat
1183 2796 1212 2853 in
1225 2797 1381 2869 Heraclca3
1399 2799 1510 2856 accedit
1526 2818 1601 2876 opus
1616 2798 1654 2857 ab
1667 2796 1817 2859 Macrobio
1827 2814 1859 2857 et

1093 2885 1210 2941 Zosimo
1232 2884 1423 2961 delineatum,
1450 2906 1487 2945 ne
1501 2888 1592 2964 ipsum
1610 2888 1727 2965 quidem
1750 2908 1858 2955 τετοιιο,

1095 2984 1195 3050 utpote
1220 2974 1332 3051 Virgilii
1357 2975 1512 3052 exeraplar.
1540 2976 1602 3033 lloc
1622 2996 1697 3055 opus
1721 2973 1857 3055 Ἦρωῑκῶν

1092 3057 1250 3138 Θεογαμίων
1278 3081 1336 3118 non
1365 3074 1480 3139 poterat
1500 3082 1562 3120 csse
1574 3062 1765 3121 larendensis
1780 3064 1858 3121 istius

1094 3149 1237 3219 Pisandri,
1261 3150 1426 3208 Alexandro
1444 3152 1553 3211 Severo
1567 3152 1701 3229 aeqtralis:
1718 3171 1785 3209 nam
1797 3172 1860 3230 per·

1092 3245 1199 3322 scripta
1214 3244 1255 3303 ibi
1275 3260 1357 3303 eraut
1372 3274 1384 3296 ο
1397 3266 1462 3323 ‹111ae
1476 3267 1564 3322 iisqne
1582 3250 1624 3303 aa
1635 3262 1754 3305 etatem
1772 3252 1860 3324 ipsias

1093 3336 1231 3390 Pisandri
1256 3336 1484 3412 contigeruat3a
1510 3335 1570 3392 haec
1592 3332 1679 3393 rerba
1700 3349 1729 3392 et
1753 3338 1858 3393 erroris

1092 3422 1283 3498 suspicionem
1309 3442 1423 3479 omnem
1439 3435 1587 3480 removent
1608 3444 1624 3481 a
1643 3422 1815 3491 llacrobio‚
1831 3436 1860 3483 ct

1092 3510 1314 3586 explicationem
1348 3511 1501 3588 porrigunt
1542 3511 1584 3569 rei
1618 3510 1781 3588 permira:
1810 3509 1860 3589 qui

1094 3597 1198 3667 iactum
1233 3598 1270 3654 sit
1304 3612 1334 3655 ut
1365 3596 1524 3668 Pisander,
1563 3618 1650 3676 quem
1686 3599 1861 3658 confiteatur

1092 3704 1191 3740 omnes
1205 3686 1328 3762 plurima
1345 3686 1372 3742 in
1392 3683 1477 3743 rebus
1490 3686 1622 3744 Herculis
1639 3687 1793 3746 innovasse
1803 3698 1832 3744 et
1843 3710 1859 3743 a

1092 3771 1194 3846 priscis
1215 3772 1308 3848 poetis
1333 3772 1517 3845 discessisse,
1541 3773 1731 3833 nihilominus
1751 3796 1769 3833 a
1793 3795 1859 3851 qm-

1091 3856 1211 3917 busdam
1226 3859 1384 3919 haberctur
1400 3862 1533 3940 Eumolpi
1549 3862 1667 3940 aeqnalis
1680 3876 1708 3920 et
1724 3864 1859 3929 amasius,

1091 3945 1128 4004 ab
1145 3948 1208 4005 aliis
1231 3948 1357 4007 llesiodo
1378 3949 1535 4025 antiquior.
1565 3951 1707 4010 Nimirum
1729 3950 1859 4011 Pseudo-

1093 4035 1229 4111 pisander
1248 4037 1279 4094 in
1299 4037 1355 4095 stae
1377 4040 1484 4094 heroici
1506 4039 1559 4097 aeri
1579 4058 1640 4097 sese
1658 4039 1859 4116 constituerat.

1091 4124 1162 4195 Quae
1179 4143 1223 4181 res
1245 4124 1368 4183 vicissim
1383 4125 1534 4184 confirmat
1549 4138 1578 4184 et
1598 4125 1636 4184 de
1652 4127 1762 4185 Zosimi
1777 4130 1861 4204 ἡρωϊ-

1090 4219 1144 4277 κοῖς
1162 4210 1309 4289 θεοηαμίοις
1329 4213 1409 4290 loqui
1432 4212 1632 4286 Macrobium‚
1653 4228 1682 4273 et
1699 4216 1861 4294 suppositi·

1092 4298 1163 4356 tium
1182 4299 1268 4357 luisse
1282 4298 1340 4356 hoc
1354 4320 1437 4378 opus.
1461 4303 1526 4360 Jam
1547 4323 1606 4360 non
1625 4322 1740 4361 necesse
1762 4316 1808 4362 est
1824 4304 1862 4360 de

1091 4406 1126 4443 eo
1140 4387 1281 4447 Pisandro
1300 4389 1423 4447 sollicite
1448 4408 1599 4467 quaerere,
1622 4410 1747 4470 quocum
1761 4395 1859 4469 θεογο-

1091 4472 1157 4549 μίων
1172 4476 1344 4553 scriptorem
1356 4477 1458 4537 Snidas
1474 4476 1649 4538 confuderit.
1669 4479 1771 4539 Codex
1782 4480 1862 4539 Pari·

1091 4563 1207 4621 sinusB
1229 4564 1307 4642 apud
1329 4565 1535 4633 Gaislordum,
1557 4565 1616 4625 dno
1637 4568 1760 4626 Prnisini
1780 4566 1860 4644 apud

283 4647 423 4723 scriptura
437 4650 554 4726 ηραϊκῶν
575 4647 806 4724 profectavidcri
823 4662 918 4726 potest
930 4649 1043 4726 abipso
1065 4646 1071 4719 Ι
1092 4651 1247 4713 Knsterum
1261 4651 1390 4729 psraebent
1408 4654 1434 4711 ἐν
1448 4652 1558 4734 βιὸλίοις
1569 4674 1627 4714 raon
1646 4654 1689 4731 ἕξ,
1700 4656 1751 4715 sed
1766 4654 1798 4726 ξ’,
1810 4660 1862 4729 so,

352 4813 432 4866 Hunc
449 4827 512 4866 vero
524 4812 613 4883 ipsum
630 4812 762 4883 populns,
778 4816 893 4869 atcerte
909 4812 995 4881 seim,

351 4889 493 4945 collocarit
506 4890 564 4955 hic,
576 4904 682 4948 aeneom
699 4906 820 4962 ponens,

353 4967 447 5022 multis
466 4969 604 5024 aiensibus
620 4974 681 5040 post
698 4974 725 5023 et
741 4970 828 5024 aunis.

1090 4816 1198 4865 Mamaeae
1220 4815 1261 4865 atti
1274 4829 1281 4864 t
1294 4819 1364 4880 poeta
1386 4818 1470 4880 epicos
1492 4824 1517 4869 et
1536 4819 1595 4882 ipse.
1612 4820 1715 4884 Scripsit
1733 4819 1861 4873 historiam

1090 4884 1180 4934 variam
1198 4885 1317 4948 versibus,
1332 4901 1405 4950 quam
1428 4889 1551 4953 inscripsit
1572 4893 1685 4941 tierneo
1704 4889 1861 4956 Thoopanuo

1089 4954 1113 5014 (i.
1125 4968 1158 5015 c,
1170 4960 1197 5005 ut
1214 4955 1317 5020 videtur,
1335 4971 1373 5007 res
1401 4959 1504 5010 heroum
1527 4960 1584 5012 iude
1599 4975 1615 5011 a
1630 4961 1732 5011 deorum
1746 4965 1862 5026 nuptiis,

312 5043 442 5106 Pisander,
453 5047 559 5099 Nestoris
571 5053 648 5110 poetae
661 5047 737 5106 titius,
751 5047 927 5111 Laraudensis,
943 5052 985 5097 aut
999 5051 1043 5111 Ly·
1087 5025 1154 5105 mm}
1168 5039 1211 5075 ⁵⁴³⁸
1224 5029 1286 5085 (ΜΘ
1295 5031 1383 5090 P⁰llu⁸
1393 5030 1528 5094 ⁵0x³dl¹¹i³l
1542 5034 1701 5083 ωὓὸῖθῡΐθῐῠ·
1720 5034 1784 5083 llfflt
1797 5033 1861 5093 ³11⁸,

281 5115 379 5165 caonius
390 5152 398 5179 ‚
418 5116 539 5179 quivixit
560 5117 706 5180 temporibus
727 5117 857 5167 Alexandri
874 5118 1039 5182 imperatoris,
1061 5106 1067 5161 i
1087 5095 1290 5146 ⁰¹⁸²l¹⁰¹¹⁰⁸⁰l¹¹l³·
