3998 5830
437 336 517 395 ΤΩΝ
539 332 620 392 MEO
642 332 799 389 ObfllPON
823 332 867 389 tlt.

345 463 479 549 Ὦςράτο·
492 456 1037 542 τδνδ’άραπάντεςέπήνεονέῖοχαδ’ἀλλων

324 554 434 633 Κάλχας
444 574 489 630 μιν
499 548 640 627 θαύμαζεν,
649 544 720 612 ὅπως
733 545 875 618 ύπεθήκατ’
886 546 1000 623 Ἀχαιοῖς

232 635 239 646 ’
262 633 270 649 ’
326 645 404 721 μ’ἠτιν
419 639 464 698 καὶ
478 638 552 697 δολον
564 634 666 710 ἐσθλδν,
675 634 702 701 de
711 633 864 718 Ἀργείοισιν
877 632 984 709 ἔμελλεν

325 730 398 801 νίκης
411 727 524 809 ἔμμεναι
535 724 630 805 άλκαρ,
644 720 712 805 ἀτδιρ
724 720 793 800 μέγα
806 719 911 801 Τρώεσι
925 725 1013 796 πῆμα.

283 833 310 872 to
327 820 352 877 Τ
354 816 437 877 οὕνεκ’
452 814 618 897 ἀριστήεσσιν
631 806 816 887 ἐῦπτολέμοιοι
831 806 958 886 μετηύδα·

364 903 468 976 Μηκέτι
482 909 527 962 νῦν
539 901 613 960 δόλον
629 899 707 958 ἄλλον
719 897 757 958 ἐνί
771 896 847 980 ρρεσί
861 896 1038 974 μητιάασθαι,

323 982 345 1051 ὦ
360 993 443 1074 ρίλοι,
453 989 522 1049 ἀλλδι
536 989 656 1047 πίθεσθαι
669 984 824 1067 έῦπτολέμῳ
836 984 958 1055 Ὀδυσῆ·
979 1011 980 1016 ·

322 1079 381 1160 οθχί
394 1082 417 1139 oi
431 1077 516 1138 ἔσσετ’
531 1077 664 1159 ἄπρηκτον
680 1070 843 1157 ἐθρρονέοντι
857 1070 958 1150 νόημα·

324 1169 375 1240 ἤδη
390 1166 441 1249 γδιρ
456 1171 583 1226 Δαναοῖσι
597 1164 649 1223 θεοί
659 1164 792 1223 τελέουσιν
807 1159 917 1241 ἐέλδωρ,

282 1274 308 1312 aa
325 1256 432 1335 σήματα
443 1256 466 1313 δ’
477 1257 524 1313 οθκ
536 1251 653 1312 ἀτέλεστ’
663 1251 833 1329 ἀναραίνεται
841 1249 948 1309 άλλοθεν
962 1247 1038 1306 fide·

324 1344 410 1416 Ζηνδς
429 1343 477 1421 μέν
491 1341 542 1422 γάρ
556 1341 649 1423 θπερθε
664 1340 733 1419 μέγα
747 1340 888 1397 κτυπέουσι
902 1337 934 1395 δι’
949 1336 1040 1417 αἴθρης

325 1432 431 1513 βρονταί
446 1434 517 1509 ὁμῶς
533 1434 689 1509 στεροπῇσι·
704 1423 881 1507 παραίσσουσι
897 1423 924 1483 δέ
937 1424 1016 1491 λαούς

325 1520 400 1589 δεξιοί
415 1520 512 1601 ὄρνιθες
523 1522 608 1596 ταναῇ
623 1517 667 1575 ἀπὶ
682 1513 861 1594 κεκληγόντες.

325 1609 394 1669 Ἀλλ’
406 1611 452 1685 άγε
470 1603 566 1683 μηκέτι
580 1602 677 1663 πολλδν
688 1603 731 1662 ἐπὶ
744 1603 837 1684 χρόνον
852 1598 921 1684 ἀμφὶ
934 1599 1022 1671 πόληα

281 1714 308 1751 σο
326 1697 477 1775 μίμνωμεν·
490 1692 599 1775 Τρωσίν
613 1691 664 1774 γδιρ
678 1691 829 1751 ἐνέπνευσεν
844 1688 904 1768 μέγ’
915 1690 1018 1767 ἀνάγκη

325 1784 427 1867 θάρσος,
437 1783 500 1863 δπερ
509 1780 573 1862 πρὸς
579 1779 607 1840 Ἀ
613 1804 663 1863 ρηα
676 1780 721 1839 καὶ
731 1777 865 1839 οδτιδανόν
876 1800 925 1859 περ
935 1777 1038 1859 ἐγείρει·

321 1874 456 1955 κάρτιστοι
468 1870 495 1928 δὲ
507 1868 560 1928 τότ’
570 1867 660 1949 ἄνδρες
674 1868 717 1927 ἐπί
730 1866 818 1947 μόθον,
833 1864 931 1927 θππότε
947 1865 1027 1943 θυμὸν

326 1958 484 2042 παρθέμενοι
500 1956 649 2022 στονόεντος
661 1958 837 2037 ἀρειδήσωσιν
852 1954 976 2035 ὀλέθρου·

327 2052 361 2114 ὡς
373 2055 418 2106 νῦν
427 2047 527 2129 Τρώϊοι
540 2038 591 2113 υἷες
605 2045 731 2125 ἀταρόέες
743 2043 946 2126 ἀμριμάχονται

283 2151 306 2190 ⁶⁵
327 2137 392 2195 ἄστυ
405 2135 465 2218 πέρι
480 2135 612 2218 σφέτερον·
624 2134 693 2213 μέγα
708 2132 736 2192 δέ
748 2156 821 2215 σρισι
834 2131 954 2210 μαίνεται
963 2122 1038 2212 ἦτορ.

365 2223 418 2291 Ὣς
428 2224 542 2307 ράμενον
554 2220 849 2305 προσέειπενθίχιλλέος
860 2220 968 2302 όόριμος
977 2219 1039 2286 υἱός·

363 2303 403 2373 ’Ὦ
418 2313 540 2392 Κάλχαν,
550 2306 647 2382 δηίοισι
661 2310 800 2369 καταντίον
812 2307 920 2385 ἄλκιμοι
931 2307 1022 2390 ἀνδρες

329 2400 489 2482 μάρνανται·
500 2399 540 2459 τοί
555 2399 577 2457 δ’
588 2397 661 2463 ἐντδς
675 2396 830 2475 ἀλευάμενοι
844 2396 898 2455 ἀπὸ
912 2393 1019 2477 πύργων

326 2489 455 2546 οὐτιδανοὶ
468 2487 620 2561 πονέονται,
632 2485 700 2544 δσων
713 2484 795 2567 ρρένα
811 2485 889 2560 δεῖμα
901 2482 1039 2563 χαλέπτει.

283 2589 310 2628 ro
325 2577 373 2655 Τῷ
384 2582 429 2633 νῦν
445 2574 482 2651 μή
496 2597 522 2632 τι
534 2572 608 2633 δόλον
622 2571 793 2656 φραζώμεθα,
808 2571 875 2649 μήτε
885 2595 911 2630 τι
925 2576 1010 2652 μῆχος

328 2663 405 2720 ἄλλο·
419 2661 492 2742 πόνῳ
502 2660 552 2743 γδιρ
566 2659 648 2720 ἔοικεν
660 2658 782 2741 ἀριστέας
794 2659 906 2738 ἔμμεναι
920 2660 1014 2743 ἄνδρας

326 2749 371 2808 καί
384 2749 452 2831 δορί·
467 2747 607 2831 θαρσαλέοι
620 2749 635 2807 δ
653 2772 685 2829 αρ
706 2746 838 2827 αμείνονες
850 2748 877 2807 ἐν
891 2740 936 2808 δαί
949 2753 1039 2830 φῶτες.

367 2834 419 2904 Ὣς
432 2836 548 2918 φάμενον
563 2832 702 2918 προόέειπε
717 2834 794 2914 μένος
807 2836 986 2918 Λαερτιάδαο·

366 2916 405 2984 Ὦ
419 2925 493 2991 τέκος
505 2922 680 3004 ὀόριμόθυμον
697 2922 825 3005 ἀταρόέος
836 2923 980 2999 Αἰακίδαο,

285 3027 311 3066 'ts
327 3019 409 3071 ταῦτα
422 3011 481 3090 μέν,
494 3016 529 3078 ὡς
544 3011 660 3070 ἐπέοικεν
675 3010 791 3089 ἀμύμονι
803 3012 870 3093 porri
883 3014 928 3072 καὶ
940 3015 1040 3096 ἐσθλῷ,

327 3101 477 3182 θαρσαλέοις
491 3102 563 3180 μάλα
574 3102 661 3160 πάντα
676 3096 773 3175 διίκεο,
784 3100 861 3181 χερσί
874 3103 1013 3170 πεποιθώς.

329 3189 398 3248 Ἀλλ’
408 3188 461 3247 οὔτ’
472 3187 620 3265 ἀκαμάτοιο
636 3194 696 3247 τεοῦ
709 3189 807 3271 πατρδς
818 3189 931 3271 ἄτρομος
946 3189 1014 3263 ἀλκὴ

326 3275 426 3335 ἔσθενεν
440 3275 527 3335 δλόιον
543 3276 610 3335 ἄστυ
624 3275 790 3358 διαπραθέειν
806 3276 954 3357 Πριάμοιο,

327 3362 461 3441 οὔθ’ἡμεῖς
469 3361 543 3441 μάλα
550 3360 805 3441 πολλδιπονεύμενοι.
814 3365 883 3423 Ἀλλ’
890 3364 937 3443 άγε
944 3369 1041 3424 θᾶσσον

285 3466 312 3505 νο
328 3450 483 3531 Κάλχαντος
498 3452 608 3530 βουλῇσι
622 3449 682 3517 θοδις
696 3450 739 3509 ἐπὶ
753 3455 817 3523 νῆας
831 3450 912 3521 ἰόντες

327 3536 408 3596 ἵππον
420 3537 597 3616 τεκταίνωμεν
609 3538 673 3597 ὑπαί
684 3539 838 3620 παλάμῃσιν
852 3539 974 3615 Ἐπειοῦ,

327 3625 355 3692 ός
369 3625 402 3708 βά
415 3649 445 3685 τε
457 3624 554 3684 πολλὸν
570 3624 675 3708 ἄριστος
686 3629 713 3684 ἐν
728 3626 866 3709 Ἀργείοισι
880 3628 1001 3689 τέτυκται

327 3711 414 3772 εἵνεκα
427 3712 594 3785 τεκτοσύνης·
608 3713 697 3772 δέδαεν
714 3713 742 3773 δέ
759 3738 803 3793 μιν
815 3714 890 3797 ἔργον
904 3716 1006 3791 Ἀθήνη.

367 3800 420 3869 Ὣς
431 3801 510 3884 ιράτο·
518 3806 557 3882 τῷ
567 3802 590 3860 δ’
598 3803 649 3884 ἄρα
658 3803 754 3871 πάντες
762 3806 883 3886 ἀριστῆες
890 3806 1029 3865 πεπίθοντο

286 3906 311 3946 τι
326 3888 402 3972 νόορι
416 3889 612 3968 Νεοπτολέμοιο
626 3885 774 3973 δαίρρονος·
788 3893 846 3950 οὐδὲ
860 3891 907 3971 μὲν
922 3893 1012 3953 ἐσθλὸν

329 3983 402 4036 πεῖθε
416 3977 587 4050 Φιλοκτήταο
600 3976 658 4037 νόον
671 3977 786 4062 κρατερδι
800 3978 960 4062 ρρονέοντος.

329 4064 457 4143 Ὑσμίνης
470 4063 521 4149 γδιρ
533 4065 570 4125 ἔτ’
580 4065 656 4125 ἔσκον
671 4071 774 4148 ὀϊζυρῆς
783 4068 920 4150 ἀκόρητοι·

328 4152 460 4234 ὥρμαινον
475 4153 503 4213 δὲ
517 4153 649 4235 μάχεσθαι
659 4153 709 4212 eoi
722 4150 828 4214 κλόνον·
842 4156 910 4239 ἀμφὶ
925 4157 952 4215 δὲ
963 4158 1042 4225 λαοδς

328 4241 486 4325 σρωῖτέρους
498 4242 617 4302 ἐκέλευον
632 4241 779 4325 ἀπειρέσιον
791 4244 852 4324 περί
865 4253 950 4326 τεῖχος

286 4346 313 4385 to
329 4330 416 4388 πάντα
430 4328 525 4413 φέρειν,
536 4330 586 4391 dore
605 4333 678 4413 δῆριν
694 4331 731 4390 ἐνί
742 4332 911 4411 πτολέμοισιν
924 4333 1042 4417 δρέλλει,

329 4419 467 4497 ἐλπόμενοι
481 4421 632 4505 πτολίεθρον
647 4420 764 4480 ἐύκτιτον
781 4420 955 4492 ἐξαλαπάξαι·

330 4506 411 4590 άμρω
422 4506 473 4590 γδρ
487 4512 595 4589 βουλῇσι
610 4514 674 4569 θεῶν
687 4513 713 4578 ἐς
726 4512 800 4593 δῆριν
814 4509 911 4574 ἵκοντο.

328 4596 383 4655 Καί
391 4595 422 4655 νύ
432 4620 476 4655 κεν
490 4587 556 4679 αἶψα
569 4598 762 4672 τελεσσαν,όσα
775 4599 861 4683 σρίσιν
870 4600 946 4673 ἤθελε
954 4600 1042 4678 θυμὸς,

329 4686 350 4742 εἰ
368 4682 406 4763 μὴ
419 4685 484 4753 Ζεθς
493 4685 636 4765 νεμέσησεν
650 4688 697 4746 ἀπ’
711 4688 824 4770 αίθέρος,
839 4688 908 4772 ἀμρί
920 4687 949 4747 δέ
963 4697 1041 4767 γαῖαν

287 4790 313 4828 ιι
331 4773 454 4854 Ἀργείων
469 4774 581 4844 ἐλέλιξεν
592 4775 658 4834 θπαδ
672 4776 750 4851 ποσί,
769 4776 815 4836 σῦν
828 4777 851 4835 δ’
863 4776 975 4846 ἐτίναξεν

267 341 321 397 lid

1181 320 1566 382 POSTHOMERICORUM
1587 320 1661 381 ΗΒ.
1682 320 1749 383 xit

1115 467 1155 517 Sic
1166 467 1236 529 distr,
1247 470 1321 531 atque
1331 480 1388 517 eum
1396 480 1482 517 ornnes
1492 466 1632 527 laudabant,
1647 481 1698 531 pre
1707 468 1763 518 aliis
1771 480 1841 519 rere

1084 555 1186 605 calefias
1197 555 1278 618 ipsum
1290 554 1467 615 admirabatur,
1480 554 1545 617 quod
1557 554 1717 618 suggessisset
1726 558 1826 606 crees,

1083 644 1214 694 eonsilimn
1225 644 1348 694 nodotum
1361 644 1459 704 utilem,
1470 644 1514 707 qui
1525 645 1619 695 Graecis
1632 650 1683 695 erat

1083 734 1191 783 victoriae
1200 734 1309 783 futurum
1316 733 1442 792 auxilium,
1452 732 1494 781 sed
1504 746 1620 795 magnum
1628 733 1738 795 Troianis
1749 734 1859 783 malum.

1084 820 1189 882 ideoque
1199 819 1350 883 principibus
1359 818 1481 868 bellicosis
1494 818 1569 868 rerba
1582 819 1639 868 fecit
1652 834 1659 868 c

1114 908 1262 971 Neampiius
1274 921 1340 957 nune
1351 906 1434 958 dolum
1446 906 1522 956 alium
1535 905 1658 956 inanimis
1669 913 1774 967 versate,

1080 997 1098 1044 ¹o
1109 996 1190 1046 dilecti
1200 1031 1208 1057 ,
1220 996 1262 1046 sed
1275 995 1439 1059 obtemperate
1447 994 1563 1045 bellicoso
1572 994 1655 1058 Ulyssi

1084 1087 1136 1134 Non
1146 1084 1191 1148 ipsi
1203 1084 1249 1134 erit
1260 1084 1356 1133 irritum
1367 1083 1480 1148 prudenti
1493 1082 1619 1133 inventum
1625 1099 1632 1144 ς

1023 1157 1030 1173 ’
1082 1173 1132 1236 jam
1148 1172 1213 1222 enim
1224 1173 1317 1223 Graecis
1328 1172 1362 1221 dii
1373 1172 1498 1236 perficient
1511 1174 1613 1235 rotem,

1083 1261 1151 1324 signa
1160 1261 1224 1311 enim
1237 1274 1286 1310 non
1297 1273 1360 1313 rana
1369 1259 1552 1323 conspiciuntur
1561 1258 1618 1309 aiibi
1629 1259 1676 1309 alia
1688 1274 1695 1309 ι

1083 1351 1153 1400 toris
1164 1349 1230 1399 enirn
1241 1349 1345 1413 desuper
1353 1348 1424 1398 ratde
1432 1350 1546 1398 resonant
1556 1360 1600 1412 per
1610 1347 1701 1397 aethera

1084 1439 1190 1488 tonitrua
1199 1450 1256 1486 cum
1265 1436 1410 1500 fulguritum,
1422 1435 1640 1500 praeterrofmtque
1648 1434 1768 1500 populum

1084 1529 1175 1578 dextros
1185 1541 1242 1577 ares
1251 1527 1344 1576 intensa
1359 1538 1417 1575 voce
1427 1526 1572 1589 clangentes.

1082 1621 1174 1668 Verum
1183 1630 1226 1680 age
1235 1615 1378 1680 neamplius
1389 1620 1487 1677 torrgum
1497 1615 1528 1665 ad
1541 1618 1638 1678 tempos
1647 1612 1677 1663 ad
1690 1612 1777 1662 urbem

1084 1720 1234 1768 maneamus,
1247 1706 1358 1770 'trojanis
1369 1707 1435 1756 enim
1451 1706 1581 1768 inspiravit
1594 1718 1708 1768 magnum
1720 1705 1860 1755 necessitas

1084 1797 1167 1859 robur,
1180 1796 1245 1860 quod
1255 1796 1287 1845 ad
1298 1795 1409 1860 proelium
1421 1795 1534 1859 quemvis
1547 1793 1669 1845 imbellem
1682 1794 1791 1843 excitat:

1085 1885 1280 1936 fortissimieninr
1288 1885 1399 1934 tuncriri
1404 1883 1497 1934 suntin
1505 1896 1595 1948 pugna,
1606 1883 1705 1946 qnando
1712 1881 1823 1931 animum

1084 1970 1222 2035 colligentes
1233 1970 1327 2021 tristem
1338 1973 1510 2022 non-metuunt
1520 1972 1642 2031 mortem

1083 2060 1290 2124 quemadmodum
1302 2072 1368 2110 nunc
1378 2059 1475 2123 Troiani
1486 2056 1600 2122 intrepidi
1611 2057 1749 2123 dqrugnant

1084 2161 1128 2211 pro
1140 2146 1200 2196 urbe
1213 2160 1274 2209 sua,
1287 2160 1315 2197 ac
1324 2146 1395 2196 ratde
1403 2145 1463 2210 ipsis
1473 2146 1533 2195 furit
1541 2144 1647 2194 animus.

1115 2233 1156 2281 Sic
1166 2232 1304 2296 loquentem
1314 2231 1475 2295 interpellarit
1486 2230 1587 2281 Aciriflis
1598 2229 1668 2279 fortis
1678 2228 1741 2278 irlius
1753 2244 1760 2277 :

1116 2320 1246 2382 ocaiclra,
1255 2319 1435 2370 cum-hostibus
1447 2319 1560 2369 eominus
1570 2318 1663 2368 stream
1676 2317 1722 2367 riri

1085 2413 1201 2473 pugnant,
1213 2410 1280 2459 intus
1290 2423 1349 2459 vero
1359 2407 1628 2472 campumdectinantes
1638 2406 1669 2456 de
1678 2404 1785 2454 turribus

1084 2499 1193 2549 imbelles
1203 2499 1332 2560 dimicant,
1346 2510 1451 2561 quorum
1462 2497 1572 2547 animum
1583 2496 1656 2545 timor
1668 2493 1786 2556 infringit.

1085 2587 1143 2637 Ideo
1154 2600 1220 2635 nunc
1231 2600 1262 2636 ne
1276 2599 1348 2649 quern
1363 2586 1445 2635 dolum
1455 2586 1630 2649 excogitemus,
1643 2594 1705 2633 nere
1716 2580 1857 2632 mammam

1085 2675 1218 2741 quandam]
1229 2677 1310 2739 aliam;
1323 2676 1403 2725 labore
1412 2676 1477 2725 enim
1488 2674 1558 2725 decet
1568 2672 1687 2724 excellere
1700 2672 1765 2721 viros

1085 2780 1114 2816 ae
1126 2768 1208 2828 frasta,
1221 2767 1295 2815 fortes
1305 2764 1370 2816 enim
1383 2764 1564 2828 praestantiores
1574 2764 1638 2812 sunt
1650 2762 1674 2810 in
1686 2761 1770 2825 prelio
1782 2760 1836 2809 riri

1117 2856 1156 2906 sie
1168 2855 1305 2918 loqrrentem
1315 2853 1468 2917 compellarit
1481 2855 1596 2903 constans
1606 2849 1760 2901 Laertiades:

1117 2946 1183 2997 osrlt
1193 2946 1346 3010 magnanime
1356 2942 1508 3009 imperterriti
1521 2942 1636 3004 AEacidre,

1086 3035 1139 3085 bine
1150 3036 1257 3097 quidem,
1269 3037 1298 3084 ut
1306 3032 1421 3083 convenit
1432 3033 1536 3081 honesto
1547 3030 1639 3080 rimae
1650 3029 1725 3087 bono,

1085 3125 1200 3174 sudaster
1210 3123 1281 3187 plane
1291 3119 1373 3172 omnia
1383 3118 1530 3184 exposuisti,
1544 3118 1659 3167 manibus
1673 3118 1724 3166 trris
1737 3115 1818 3165 fretus,

1086 3213 1134 3263 Sed
1145 3226 1223 3275 neque
1234 3210 1320 3261 invicti
1328 3210 1365 3259 tui
1376 3208 1453 3274 patris
1465 3205 1585 3271 intrepida
1597 3206 1677 3255 rtrtus

1045 3321 1047 3324 ⁴
1086 3302 1164 3365 potuit
1177 3301 1323 3349 fortunatam
1335 3297 1420 3348 urbem
1429 3308 1568 3362 expugnare
1580 3293 1688 3353 Priami,

1085 3402 1163 3451 neque
1174 3403 1219 3437 nos
1228 3391 1363 3452 potuimus
1373 3386 1443 3437 ratde
1453 3385 1530 3435 muita
1542 3381 1680 3450 periclitati.
1693 3382 1782 3430 θἐτιιιιι
1798 3392 1843 3443 age

1086 3475 1164 3538 ocius]
1177 3474 1316 3525 Calchantis
1328 3475 1428 3523 monitis
1437 3473 1526 3523 celeres
1537 3472 1568 3521 ad
1580 3482 1657 3521 nares
1666 3466 1765 3532 profecti

1085 3573 1176 3624 equum
1191 3559 1336 3609 fabricemus
1350 3558 1462 3607 manibus
1476 3558 1554 3621 Epei,

1085 3650 1127 3712 qui
1142 3663 1199 3699 sane
1210 3648 1287 3698 multo
1300 3628 1407 3712 optimus
1417 3646 1480 3695 inter
1490 3648 1589 3696 Graecos
1599 3649 1636 3695 est

1085 3751 1157 3788 causa
1168 3737 1348 3787 architecturae:
1361 3734 1445 3785 docuit
1456 3734 1521 3784 enim
1532 3747 1588 3784 eum
1600 3748 1663 3797 opus
1673 3733 1791 3783 itineres.

1117 3825 1156 3875 sie
1167 3824 1237 3885 dixit,
1250 3823 1272 3874 ei
1284 3837 1341 3874 vero
1350 3836 1435 3873 omnes
1445 3834 1555 3888 proceres
1565 3822 1759 3885 obtemperarunt

1085 3918 1174 3977 praeter
1184 3912 1369 3977 Neoptolemum
1380 3911 1540 3971 bellicosum,
1551 3923 1630 3974 neruo
1642 3910 1728 3960 fortem

1086 4001 1164 4052 morit
1176 4002 1317 4052 Philoctetae
1328 4004 1433 4050 mentem
1445 3998 1541 4049 excelsa
1550 3997 1673 4061 spirantis.

1086 4094 1176 4154 Pugnae
1187 4090 1251 4139 enirn
1264 4090 1345 4139 adbuc
1359 4092 1427 4138 erant
1438 4089 1515 4137 tristis
1527 4086 1695 4147 insatiabiles,

1086 4190 1115 4227 ac
1125 4175 1254 4240 cupiebant
1266 4179 1357 4225 certare
1369 4175 1394 4223 in
1408 4173 1537 4235 confflem,
1553 4172 1642 4222 milites
1653 4171 1735 4235 itaque

1086 4279 1144 4316 suos
1154 4264 1269 4327 jubebant
1279 4265 1426 4313 immensum
1435 4264 1466 4312 ad
1476 4275 1575 4311 murum

1086 4357 1174 4404 cuncta
1185 4353 1254 4413 ferre,
1264 4366 1320 4415 quae
1330 4350 1533 4415 expugnationem
1544 4350 1570 4398 in
1582 4347 1652 4397 bellis
1661 4346 1793 4410 adorant,

1086 4445 1209 4510 sperantes
1219 4441 1304 4490 urbem
1316 4440 1435 4490 munitam
1445 4440 1651 4502 seoecupaturos3

1085 4528 1157 4593 ambo
1165 4529 1229 4580 enim
1239 4532 1346 4583 consiliis
1356 4533 1457 4584 deorum
1467 4535 1497 4585 ad
1506 4535 1598 4588 beilum
1607 4544 1733 4589 renerent.

1084 4617 1163 4678 atque
1172 4615 1237 4667 ittieo
1249 4617 1417 4684 perfecissent,
1428 4621 1554 4686 quaeipsis
1564 4625 1677 4689 cupiebat
1689 4626 1797 4683 aruimus,

1083 4702 1128 4751 nisi
1139 4702 1249 4767 luppiter
1257 4704 1381 4758 invidisset
1391 4706 1422 4758 de
1432 4710 1509 4774 emin,
1521 4725 1577 4763 nam
1586 4712 1677 4778 abique
1687 4716 1775 4765 ίσειιιιιι

1084 4792 1223 4840 Graecorum
1233 4794 1355 4844 concussit
1363 4795 1409 4846 sub
1418 4797 1534 4861 pedibus,
1546 4800 1619 4851 simui
1631 4801 1705 4853 etism
1714 4802 1851 4851 commorit

329 4861 394 4943 ἠέρα
408 4872 498 4922 πᾶσαν
511 4863 618 4946 ὕπερθε,
634 4864 712 4943 βάλεν
727 4867 749 4924 δ’
762 4867 902 4944 ἀκάμαντα
916 4866 1041 4948 κεραυνὸν
1082 4891 1161 4927 aerem
1174 4892 1271 4929 omnem
1283 4880 1395 4946 desuper,
1405 4896 1433 4933 ac
1446 4884 1532 4947 dejecit
1541 4884 1704 4938 indesinenter
1714 4887 1808 4937 frrlnreo

328 4949 422 5029 ηρώων
436 4954 625 5035 προπάροιθεν·
640 4953 847 5036 θπεσμαράγησε
862 4952 890 5013 δέ
902 4963 977 5014 πᾶσα
1080 4971 1135 5014 ante
1145 4967 1243 5031 heroas,
1253 4969 1360 5020 resonuit
1369 4975 1452 5021 autern
1465 4973 1576 5023 uniuersa

328 5038 471 5120 Δαρδανίη.
489 5043 551 5101 Τῶν
567 5042 589 5099 δ’
604 5032 670 5122 αἶψα
687 5042 858 5125 μετετράπετ’
869 5045 901 5113 ἠύ
915 5042 1002 5121 νόημα
1082 5055 1207 5104 bardenia.
1220 5059 1313 5107 florum
1324 5070 1381 5109 rero
1390 5061 1512 5125 extemplo
1523 5066 1698 5114 commutatum
1709 5067 1747 5113 eet
1756 5063 1841 5114 aodu

329 5127 355 5189 ἐς
367 5125 460 5207 ρόόον·
473 5129 503 5186 ἐκ
519 5129 541 5186 δ’
552 5129 674 5188 ἐλάθοντο
690 5130 748 5209 βίης
762 5130 807 5189 καί
820 5129 930 5212 θάρσευς
939 5133 1040 5190 ἐσθλοῦ·
1080 5142 1241 5207 propositum]
1255 5144 1279 5196 in
1291 5150 1396 5204 merum
1405 5147 1474 5197 obiiti
1489 5152 1638 5202 autemsunt
1647 5150 1741 5203 roboris
1758 5156 1786 5202 et
1797 5151 1873 5203 aode-
