3996 5828
278 384 359 444 ΤΩΝ
380 383 460 443 MEO
481 383 638 443 onttteott
657 386 691 443 rt.

155 514 213 579 τοῦς
222 513 273 595 γδιρ
285 512 366 573 νείκεε
380 511 493 590 πόμπαν
503 511 674 591 ίπεσόολίγσι
688 516 811 592 κακῇσιν,

159 603 235 671 αθτδς
249 600 298 661 tin
312 600 446 673 λωθητός·
461 600 533 682 δγδιρ
547 604 658 661 Δαναῶν
671 600 750 659 πόλιν
764 599 852 667 αἰδώς.

97 709 140 753 ‘tto
158 692 212 753 itai
224 692 257 771 ρό
268 713 306 756 τις
317 680 363 749 ὧδ’
378 689 496 750 εἴπεσκεν
511 688 638 771 ἀρηϊθόων
654 688 786 769 Ἀργείων·

197 782 257 839 Οὐκ
271 778 368 856 ἀγαθὸν
380 780 507 857 βασιλῆας
518 775 657 859 θβριζίμεν
671 777 745 855 ἀνδρὶ
756 774 835 856 χέρηϊ

157 866 287 948 ἀμρσδδν,
297 867 355 925 οὔτε
365 868 504 948 κρυρηδδν,
518 865 575 925 inei
583 864 660 945 χολο;
673 864 743 931 αἷνδς
754 864 855 934 ὀπηδεῖ.

157 956 239 1017 Ἔστι
248 952 348 1033 Θίμις,
361 955 406 1014 καλ
420 956 542 1033 γλῶσσαν
559 953 665 1013 ἀναιδία
680 954 780 1013 τίνυται
790 951 868 1024 Ἀτη,

157 1045 199 1116 ἤτ’
214 1044 264 1105 αἰεί
280 1041 435 1123 μερόπεσσιν
449 1043 490 1102 ἀπ’
512 1043 617 1120 ἄλγεσιν
632 1042 709 1121 ἄλγος
722 1040 799 1109 ἀίξει.

98 1150 140 1187 τεο
197 1130 247 1199 Ὧς
256 1132 296 1213 ἀρ’
306 1130 472 1213 ἀρηΔαναῶν
483 1155 529 1199 τις·
545 1130 588 1190 ὅδ’
597 1129 736 1211 ἀσχαλόων
750 1130 868 1214 ἀνθθυμιῖι

157 1220 290 1293 Πηλείδης
303 1220 422 1303 ἀρίθυμος
436 1219 496 1286 ίιιος
508 1220 569 1279 ποτλ
579 1228 647 1278 τοῖον
658 1218 756 1278 ίειπεν·

200 1310 281 1373 Κεϊσό
292 1335 338 1369 νυν
347 1313 374 1369 ἀν
387 1310 499 1390 κονίῃσι,
510 1310 670 1387 λελασμένος
678 1309 856 1391 ἀρροσυνόων.

158 1402 200 1458 Οὔ
214 1396 265 1480 γάρ
281 1397 399 1477 ἀμείνονι
413 1398 480 1479 port
492 1396 576 1479 χρεὼν
589 1398 671 1459 κακδν
686 1399 868 1480 ἀντιφερίζειν·

160 1487 242 1552 δςκαί
254 1509 305 1546 που
316 1488 469 1570 τοπσίροιθεν
485 1487 630 1559 Ὀδυσσῆος
642 1486 740 1547 ταλαδν
753 1492 804 1568 κῆρ

98 1589 142 1625 7⁶0
160 1572 294 1655 ἀργαλίως
308 1574 418 1655 ῶρινας,
432 1573 544 1655 ἀλίγχεα
559 1574 639 1657 μυρία
651 1575 745 1656 βόζων.

160 1662 229 1721 Ἀλλ’
241 1665 270 1721 ob
286 1662 418 1735 Πηλείδης
432 1687 472 1723 τοι
486 1663 584 1741 δμοίϊος
598 1663 771 1748 ὶξαραόνθην,

158 1750 186 1818 tr
198 1754 243 1810 σεῦ
258 1749 339 1827 θυμδν
353 1750 448 1824 ἀλυσα,
464 1752 509 1811 καλ
521 1755 569 1811 οθκ
581 1752 624 1811 ἀπὶ
635 1752 703 1835 χειρὶ
719 1753 809 1833 βαρείῃ

154 1837 329 1915 πληξάμενος·
338 1837 368 1898 οδ
376 1839 403 1899 δδ
410 1839 509 1917 πότμος
517 1840 651 1921 ἀμείλιχος
659 1842 854 1923 ἀμρεκόλυγεν·

155 1930 189 2005 σῇ
199 1927 221 1985 δ’
227 1927 390 2007 θλιγοδρανίῃ
399 1928 572 2005 θυμδνλίπες·
581 1929 691 1989 ἀλλ’ἀπ’
705 1930 816 2009 Ἀχαιῶν

98 2029 143 2068 7⁶⁶
163 2013 234 2096 ίρρε,
250 2014 295 2074 καλ
311 2017 338 2073 ἐν
353 2015 514 2097 ρθιμίνοισιν
526 2016 682 2085 ἀπεσόολίας
694 2016 809 2098 ἀγόρευε.

202 2102 256 2169 Ὧς
267 2102 341 2186 ίρστ’
352 2103 482 2165 Λίακίδαο
496 2103 672 2188 θρασόρρονος
688 2105 796 2189 ἀτρομοε
810 2104 870 2170 υἱός·

161 2190 289 2263 Τυδείδης
299 2191 321 2249 δ’
336 2192 387 2273 ἄρα
402 2199 496 2270 μοῦνος
509 2196 536 2252 ἀν
550 2192 672 2276 Ἀργείοις
686 2192 789 2272 ’Ἀχιλῆϊ

160 2278 261 2359 χώετο,
276 2282 408 2361 Θερσίτου
423 2278 590 2355 δεδουπότος,
604 2280 688 2341 οὕνεκ’
699 2281 740 2363 ἄρ’
754 2283 833 2340 αὐτοῦ

162 2366 246 2446 ὤχετ’
259 2366 305 2449 ἀφ’
318 2366 425 2445 eripiam:
434 2359 510 2439 εἶναι,
523 2369 579 2427 irtel
591 2368 669 2429 πόλιν
680 2368 706 2433 δε
716 2368 764 2446 μὲν
775 2372 872 2447 ἀγαυοῦ

99 2470 143 2509 77⁰
161 2453 259 2523 Τυδίος
268 2455 377 2536 όόριμος
390 2456 456 2530 υίὸς,
469 2456 484 2516 δ
496 2459 518 2515 δ’
534 2458 634 2537 Ἀγρίου
649 2456 773 2531 ἷσοθίοιο,

158 2542 311 2624 lippiam&
322 2546 346 2603 τ’
360 2546 456 2617 Οἰνῆος
469 2546 591 2623 ἀδελρεδς
601 2548 693 2606 ἔπλετο
706 2545 774 2618 δίου,

160 2629 252 2697 tibet<
268 2632 291 2689 δ’
300 2629 358 2691 viia
372 2632 479 2711 γείνατ’,
494 2632 585 2714 ἀρήϊον
599 2635 626 2691 ἀν
637 2638 779 2707 Δαναοῖσι,

161 2718 260 2779 'titio
272 2726 319 2779 τοῦ
334 2720 357 2778 δ’
369 2720 491 2781 θτίτυκτο
504 2722 568 2789 ποίϊς
581 2722 703 2805 σθεναρδς
717 2724 860 2799 Διομήδης.

158 2806 281 2867 Totins
294 2808 427 2888 Θερσίταο
439 2810 498 2890 περὶ
514 2808 654 2887 κταμίνοιο
666 2811 792 2891 χαλίγθη.

99 2910 143 2949 πε
167 2896 222 2955 Καί
233 2896 263 2954 νό
273 2919 303 2955 κε
316 2898 467 2969 Πηλείωνος
481 2898 596 2957 ἀναντίον
616 2898 699 2978 ῆρατο
711 2908 754 2979 χεϊ
773 2924 815 2975 τε,

160 2986 183 3042 εί
197 2983 236 3059 μή
256 3008 300 3061 μιν
317 2986 461 3067 κατίρυξαν
476 2985 595 3066 Ἀχαιῶν
612 2987 734 3067 γε’ρτατοι
745 2923 814 3059 uita,

157 3070 245 3130 πολλὰ
252 3070 458 3155 παρηγορίοντες
465 3073 599 3151 ὁμιλαδόν·
607 3074 641 3141 ῶς
655 3073 683 3134 δὲ
693 3074 737 3135 καί
747 3076 824 3135 αῦτδν

161 3160 295 3233 Πηλείδην
305 3160 429 3243 δτίρωθεν
444 3163 564 3242 ίρῆτυον·
574 3154 592 3234 ῆ
604 3162 653 3246 γδιρ
664 3164 773 3241 ἔμελλον

161 3248 212 3319 ῆδη
226 3250 272 3309 καὶ
286 3248 412 3329 testeam
424 3250 582 3332 ίριδμαίνειν
596 3255 620 3310 ol
636 3253 737 3333 ἄριστοι

100 3352 146 3391 τεο
163 3336 300 3417 Ἀργείων·
317 3336 376 3406 τοθς
387 3336 439 3422 γόρ
453 3342 485 3419 ῥα
496 3338 578 3406 κακδς
590 3338 669 3420 χολος
684 3339 854 3423 ὠτρόνεσκιν.

164 3423 233 3484 Ἀλλ’
245 3426 269 3483 ot
284 3422 332 3503 γεάν
343 3426 484 3485 πεπίθοντο
496 3427 706 3511 παραιροσίῃσιν
721 3429 838 3505 ἐπαίρειν.

203 3515 238 3572 Οἱ
249 3512 276 3571 bi
288 3511 347 3591 μίγ’
360 3514 532 3597 οἰκτείραντες
545 3514 646 3593 ἀγαυῆν
662 3516 845 3577 Πενθεσίλειαν

164 3600 291 3681 Ἀτρεῖδαι
307 3602 443 3679 βασιλῆες,
456 3603 637 3681 ἀγασσάμενοι
647 3604 674 3663 δὲ
688 3604 733 3663 καθ
749 3605 835 3678 αὐτοὶ,

164 3690 190 3748 Τ
192 3686 258 3769 ρωσλ
267 3687 347 3749 δόσαν
361 3689 423 3749 ποτλ
437 3690 504 3749 ἀστυ
514 3691 601 3773 ρίρειν
612 3690 822 3773 ἐρικυδίοςἼλου

101 3796 147 3835 τευ
166 3773 214 3836 σθν
229 3784 331 3859 erpeium
343 3776 489 3859 τείχεσσιν,
500 3780 558 3838 lari
572 3780 705 3859 Πριάμοιο
718 3778 815 3852 νόησεν

162 3864 288 3942 ἀγγελίην
302 3864 451 3943 προϊόντος·
465 3865 542 3946 θγάρ
553 3868 642 3949 ρρεσλν
655 3860 699 3947 {ier
711 3868 815 3945 μενοίνα

163 3951 261 4032 κούρην
277 3950 465 4033 θόριμόθυμον,
475 3958 546 4032 tori<
559 3954 681 4034 τεύχεσσι
693 3955 737 4015 καθ
747 3952 836 4037 ἵππῳ,

166 4041 193 4108 ἐς
203 4039 272 4119 μίγα
284 4044 360 4119 σῆμα
377 4039 503 4120 βαλίσθαι
516 4045 620 4124 ἀρνειοῦ
635 4044 828 4121 Λαομέδοντος·

165 4130 211 4189 καί
222 4132 246 4191 oi
256 4128 387 4211 πυρκαϊὴν
398 4130 516 4204 νηῆσατο
530 4131 627 4215 πρόσθε
640 4130 738 4205 πόληος

101 4233 148 4273 πο
166 4216 279 4300 bisina,
292 4222 408 4299 εθρεῐαν·
423 4218 517 4299 θπερθε
527 4221 554 4279 bl
568 4220 668 4293 θῆκατο
679 4220 776 4303 κούρην

165 4307 271 4373 πολλοῖς
283 4303 332 4365 σῦν
343 4306 512 4381 κτεάτεσσιν,
527 4305 576 4367 θσα
589 4307 708 4389 κταμίνῃ
721 4306 831 4391 ἐπεῴκει

166 4394 193 4451 ἀν
205 4392 267 4475 πυρλ
288 4392 466 4474 συγχεθασθαι
480 4394 611 4477 ἀῦκτίανιρ
626 4395 756 4477 βασιλείῃ.

164 4480 219 4543 Καὶ
231 4481 278 4554 τὴν
290 4480 338 4561 μδν
350 4483 482 4569 κατόδαψι
494 4482 561 4562 μίγα
572 4484 660 4552 σθένος
672 4484 836 4566 Ἡραίστοιο,

166 4568 232 4649 ρλδξ
240 4572 316 4641 ὀλοή·
326 4570 387 4630 λαολ
397 4571 425 4631 θλ
437 4572 593 4653 περισταδδν
603 4572 710 4633 ἄλλοθεν
724 4574 798 4632 ἄλλοι

99 4672 146 4713 πο
165 4656 297 4739 πυρκαϊὴν
315 4658 460 4720 σθίσσαντο
474 4665 538 4727 θοῶς
552 4660 642 4721 εὖόεδεϊ
657 4660 731 4743 οίνιρ·

166 4746 276 4805 θστίαό
290 4746 443 4815 ἀλλόξαντες
458 4747 523 4821 ἀδην
534 4749 662 4829 ίπίχευαν
673 4748 784 4831 ἀλειραρ

1045 366 1428 444 nosnnonsnrconuu
1449 384 1521 443 arn.
1538 383 1561 445 1.
1638 396 1670 449 n

911 532 962 580 ilos
972 528 1036 578 enim
1048 527 1177 592 impetebat
1191 542 1301 593 pmrsum
1313 530 1429 579 corrriciis
1442 531 1534 580 acerbis
1545 568 1552 594 ,

910 615 961 679 ipse
968 621 1098 665 comesset
1106 616 1285 679 vituperandus.
1295 617 1340 666 llic
1349 618 1412 667 enlm
1421 620 1511 669 Danais
1518 624 1569 669 erat
1577 621 1672 684 pudori.

910 708 940 754 Et
950 703 1069 768 quispiam
1080 704 1116 753 sic
1125 704 1188 753 diiii
1197 706 1447 769 Morteexpeditorum
1460 709 1575 771 Argivum
1587 724 1593 758 :

942 794 995 842 Non
1005 792 1121 843 conducit
1132 806 1199 856 reges
1209 792 1340 845 detrectare
1351 794 1402 844 viro
1411 794 1488 857 mdo,

911 892 993 945 neque
1002 883 1091 945 aperte,
1098 893 1175 945 neque
1182 880 1284 944 occulte,
1291 881 1405 947 qnoniam
1410 882 1446 932 ira
1452 884 1533 947 granis
1538 885 1673 938 comitatur.

911 968 956 1018 list
966 967 1065 1019 Themis
1075 1004 1083 1030 ,
1095 973 1120 1019 et
1130 969 1238 1033 linguam
1248 969 1362 1021 effrenem
1376 972 1448 1036 punit
1458 975 1518 1034 Ate,

911 1066 966 1117 quae
974 1058 1089 1118 perpetuo
1098 1056 1240 1108 mortalibus
1251 1058 1280 1107 ad
1292 1057 1386 1108 dotores
1398 1058 1505 1109 dolorem
1516 1061 1658 1113 accumulat

943 1140 983 1191 Sic
994 1142 1056 1194 dixit
1070 1146 1181 1193 Danaum
1193 1144 1280 1208 aliquis
1293 1160 1299 1194 ε
1313 1150 1338 1196 at
1349 1146 1476 1211 indignans
1486 1148 1567 1199 animo

913 1225 1004 1277 Pelides
1014 1228 1138 1280 animosus
1149 1244 1259 1282 sermone
1267 1232 1313 1282 hoc
1322 1233 1456 1284 aliatus-est
1471 1234 1600 1285 Tltrrsiten
1613 1250 1619 1285 :

943 1315 1028 1363 taceas
1039 1327 1105 1364 nune
1116 1315 1141 1364 in
1153 1316 1251 1379 puluere
1260 1317 1351 1367 obiitus
1360 1320 1496 1370 dementire.

913 1404 964 1451 Non
974 1404 1039 1452 enim
1050 1403 1143 1453 meliori
1156 1405 1207 1455 uiro
1221 1405 1289 1457 docet
1298 1408 1388 1457 nuatum
1401 1424 1556 1474 seopponere
1570 1427 1575 1460 ε

913 1490 954 1552 qui
963 1492 987 1540 et
996 1491 1096 1541 antebac
1108 1492 1202 1556 Ulyssis
1215 1494 1308 1557 patiens
1319 1508 1361 1545 cor

913 1577 1016 1640 graviter
1025 1580 1177 1630 commovisti
1189 1616 1196 1639 ,
1208 1582 1296 1646 probra
1307 1583 1410 1646 piurima
1423 1584 1582 1637 deblaterans.

889 1640 891 1675 Ι
914 1664 961 1714 Sed
969 1678 1017 1715 non
1029 1667 1122 1717 Pelides
1131 1668 1175 1718 tibi
1185 1670 1238 1720 talis
1247 1672 1435 1734 cognitussum,

888 1726 891 1789 ί
913 1753 954 1815 qni
966 1754 1008 1804 tibi
1021 1755 1095 1805 uitam
1105 1757 1179 1820 solui,
1191 1760 1319 1823 etquidem
1332 1776 1380 1811 non
1394 1763 1471 1813 salida
1481 1780 1554 1815 marm

914 1840 1017 1904 teneus,
1028 1847 1052 1892 et
1064 1847 1087 1893 te
1099 1843 1175 1895 iatum
1188 1847 1279 1897 immite
1290 1848 1399 1913 obtexit3

914 1932 1004 1993 tuaque
1013 1932 1107 1995 ignauia
1117 1935 1191 1983 sinn
1203 1936 1341 1987 destituisti.
1358 1940 1403 1989 Sed
1415 1940 1446 1989 ab
1457 1942 1555 1991 actricis

915 2016 1158 2083 abi-inmaiamrem,
1170 2028 1194 2073 et
1204 2025 1265 2074 inter
1276 2032 1384 2077 mortuos
1397 2030 1554 2079 contumelias
1564 2030 1639 2081 dicito

946 2104 985 2155 Sic
994 2105 1055 2155 dixit
1067 2108 1171 2157 ‚meida
1183 2109 1284 2159 audacis
1295 2108 1433 2172 impavidus
1443 2120 1524 2168 notus.

915 2191 1020 2254 Tydides
1032 2198 1111 2244 autern
1122 2196 1188 2246 solus
1200 2198 1262 2247 inter
1275 2199 1376 2261 Argiuos
1389 2200 1474 2251 actiui

890 2302 894 2411 γ
917 2266 1074 2331 succensebat
1089 2286 1317 2347 pmpter·Tbersiten
1333 2288 1517 2352 interemptum,
1530 2293 1586 2354 qula
1597 2294 1680 2343 eadem

915 2366 1061 2429 gloriabatur
1074 2369 1104 2420 de
1116 2372 1189 2435 stirpe
1200 2387 1254 2422 esse
1261 2389 1269 2435 ς
1281 2388 1337 2424 nam
1349 2381 1400 2426 erat
1417 2377 1456 2427 liic
1468 2378 1568 2429 illustris

916 2454 991 2518 Tydei
1002 2461 1119 2520 praestana
1130 2458 1209 2522 iliius,
1221 2459 1260 2511 ilie
1272 2475 1329 2511 nero
1338 2465 1403 2527 Agrii
1414 2465 1491 2516 diuini
1502 2501 1510 2527 ‚

918 2542 981 2603 Agrii
988 2579 996 2604 ,
1008 2543 1050 2606 qui
1061 2544 1134 2594 OEnel
1147 2546 1219 2596 irater
1231 2547 1307 2599 iuerat
1320 2552 1442 2613 generosi;

892 2668 895 2685 ,
917 2632 1011 2679 OEneus
1020 2636 1100 2682 autmu
1114 2633 1190 2683 iillum
1201 2642 1349 2700 procrearat,
1361 2640 1474 2690 ittcrtiutn
1485 2640 1546 2691 iuter
1558 2645 1666 2704 Danaos,

917 2716 1039 2780 Tydeum,
1052 2720 1122 2782 cujus
1132 2723 1183 2769 erat
1194 2720 1257 2771 illius
1267 2723 1335 2773 tortis
1345 2725 1481 2775 Diomedes.

918 2805 975 2854 ideo
989 2810 1085 2870 propter
1097 2808 1221 2859 Thersiten
1231 2822 1322 2860 cesum
1333 2813 1634 2874 gravitercommotuscst.

918 2897 948 2944 Ei
959 2894 1058 2958 quidem
1070 2901 1153 2946 corrtra
1167 2898 1264 2948 Peliden
1275 2901 1414 2951 sustulisset
1427 2917 1530 2965 manus,

918 2982 965 3032 nisi
975 2996 1031 3033 eum
1042 2984 1201 3036 inhibuissent
1212 2988 1332 3038 Achiuum
1345 2993 1537 3054 prestantissimi
1547 2995 1605 3056 itit,

918 3071 1021 3121 multum
1031 3074 1184 3124 exhortantes
1198 3076 1276 3126 uerbis
1286 3079 1425 3128 catervatim
1437 3098 1442 3124 z
1455 3082 1516 3130 sicut
1527 3086 1551 3132 et
1560 3084 1640 3147 ipsum

919 3162 1015 3211 Peliden
1033 3162 1192 3227 exaliaparte
1211 3166 1475 3231 retinebant.xa1nque
1489 3171 1682 3223 inanimo-babo

892 3248 895 3283 l
918 3249 985 3313 bant]
994 3251 1044 3313 jem
1055 3252 1126 3299 etium
1135 3252 1220 3314 gladiis
1234 3255 1300 3303 inter
1311 3268 1337 3303 se
1346 3255 1489 3307 contendere
1502 3258 1624 3309 iordssimi

918 3336 1042 3400 Argivum.
1052 3342 1101 3388 Eos
1110 3339 1174 3389 enlm
1184 3339 1287 3404 maligna
1298 3341 1333 3391 ira
1344 3342 1467 3395 incitabat.

918 3423 964 3475 Sed
976 3427 1057 3476 tamen
1069 3425 1266 3491 obtemperarunt
1276 3428 1374 3480 monitis
1383 3431 1528 3482 amicorum.

949 3518 1070 3566 Caeterum
1083 3516 1153 3567 ualde
1163 3516 1254 3567 miserti
1265 3518 1365 3569 illustris
1379 3521 1536 3572 Penthesilea

918 3603 1011 3654 Atridae
1023 3603 1187 3668 imperatores,
1200 3605 1460 3669 quamdemirabantur
1470 3615 1495 3660 et
1510 3610 1571 3674 ipsi,

918 3691 1026 3754 Troianis
1038 3692 1195 3743 reddiderunt
1205 3692 1236 3743 ad
1247 3693 1332 3744 urbem
1341 3697 1496 3746 auferendam
1508 3699 1628 3762 magnifici
1642 3701 1669 3751 tli

918 3793 975 3843 cum
983 3779 1059 3842 ipsius
1067 3779 1149 3839 aruris,
1161 3794 1217 3829 curn
1226 3780 1256 3830 dr
1265 3782 1355 3832 Priami
1365 3785 1497 3834 cotnrrtute
1506 3788 1684 3850 cognovissent,

919 3866 1060 3930 legationem
1073 3866 1198 3917 mittentis.
1211 3872 1236 3918 Is
1244 3870 1309 3919 enim
1321 3871 1402 3920 animo
1416 3886 1461 3920 suo
1473 3872 1606 3925 destinarat

920 3954 1025 4018 puellam
1036 3955 1215 4018 magnanimem
1226 3993 1233 4018 ,
1249 3970 1364 4008 una-cum
1374 3959 1448 4010 armis
1459 3964 1484 4009 et
1493 3973 1555 4024 equo
1565 3996 1573 4022 ‚

919 4043 943 4091 in
952 4044 1105 4107 magnifieum
1117 4045 1238 4096 tumulum
1251 4046 1338 4097 inferre
1348 4047 1454 4111 opulenti
1466 4049 1645 4101 Laomedontis.

919 4131 978 4181 ideo
989 4131 1011 4181 ei
1024 4146 1108 4195 rogum
1118 4134 1255 4185 construxit
1266 4139 1321 4185 ante
1339 4135 1422 4185 urbem

919 4217 1055 4280 excelsum,
1066 4221 1190 4283 amplum:
1205 4222 1244 4272 cui
1254 4222 1449 4286 superimposuit
1461 4223 1592 4285 viraginem

894 4348 897 4391 Ι
920 4308 1005 4359 moitis
1014 4322 1071 4358 cum
1083 4310 1183 4374 opibus,
1195 4324 1256 4374 quas
1266 4310 1447 4361 cumdeiuucta
1463 4310 1564 4361 decebat

921 4397 947 4446 in
959 4396 1038 4461 ignem
1050 4398 1145 4461 congeri
1158 4397 1282 4462 praedivite
1294 4398 1384 4462 regina.

921 4488 981 4535 Earn
990 4484 1072 4548 itaque
1082 4485 1219 4549 absumpsit
1227 4498 1315 4549 magna
1326 4486 1363 4536 vis
1374 4485 1492 4549 Vulcani,

921 4572 1018 4623 tiammo
1028 4572 1106 4635 edan3
1117 4576 1141 4623 et
1154 4572 1236 4636 populi
1247 4574 1444 4636 circumstantes,
1459 4574 1556 4626 aliunde
1568 4574 1624 4639 alil,

895 4594 898 4711 ί
921 4674 1005 4727 pyram
1017 4662 1186 4712 exstinxerunt
1198 4675 1299 4725 propere
1309 4662 1422 4726 fragranti
1434 4662 1506 4723 uino,

895 4728 898 4855 ι
921 4754 945 4800 et
954 4750 1050 4799 ossibus
1062 4747 1162 4799 sublatis
1172 4749 1230 4799 satis
1244 4749 1395 4800 admiscuere
1408 4751 1523 4815 unguenti

894 4182 897 4231 ι

895 4262 898 4329 l

164 4834 223 4907 ἡδθ,
236 4836 280 4893 καὶ
288 4836 314 4901 ἀς
324 4833 415 4909 κοίλην
427 4838 509 4915 χηλὸν
526 4837 617 4896 θέσαν·
633 4837 699 4917 ἀμρθ
714 4836 878 4918 δ’ἀράθτοϊς
922 4838 1016 4899 dulcis,
1035 4843 1059 4887 et
1071 4837 1095 4887 in
1107 4850 1191 4886 earam
1203 4851 1289 4887 urnam
1301 4837 1475 4900 condiderunt;
1489 4837 1597 4903 undique
1615 4838 1688 4889 εθειεε

168 4921 246 4981 πίονα
257 4922 340 5000 δημθν
352 4922 441 5006 ὕπερθ’
454 4924 547 4983 ίθαλον
563 4923 663 5005 βοδς,ἥ
677 4927 700 4983 τ’
714 4926 837 5006 ἀγίλῃσιν

165 5010 270 5078 Ἰδαίοις
282 5014 309 5070 ἰν
323 5010 411 5091 ὄρεσσι
425 5012 573 5095 μετέπρεπε
586 5013 769 5095 γερθομίνῃσι.

895 4918 898 4999 j
920 4926 990 4990 ipsis]
1000 4927 1088 4989 pingue
1098 4938 1183 4974 serum
1196 4925 1293 4989 insuper
1307 4926 1475 4989 imposuerunt
1485 4940 1575 4987 aaron,
1587 4939 1643 4990 quae
1654 4925 1689 4976 in·

895 5026 897 5053 ι
920 5017 957 5063 ter
969 5010 1087 5076 armenta]
1100 5011 1171 5062 idaeis
1180 5012 1205 5061 in
1215 5012 1340 5063 montibus
1352 5012 1529 5063 eximia-tuerat
1540 5014 1673 5077 pascentio.

98 5118 148 5159 m
167 5100 258 5179 Τρῶες
268 5098 291 5156 δ’
301 5096 368 5157 ὥστε
383 5098 499 5181 θύγατρα
512 5102 589 5180 prige
603 5099 845 5183 περςχωχύσαντςς,
893 5072 897 5157 ί
920 5100 1017 5165 'trojani
1029 5104 1110 5150 autem
1123 5104 1208 5163 ipsam
1220 5104 1246 5150 ut
1257 5100 1330 5150 titiam
1340 5114 1420 5150 caram
1430 5101 1594 5165 deplorantes,

168 5186 311 5268 ἀχνύμενοι
324 5186 459 5267 τοίρχυσαν
474 5187 602 5265 ε’θδμητον
617 5190 676 5266 περὶ
689 5198 789 5269 τεῖχος,

891 5170 897 5255 ,¹
921 5192 1049 5238 moerentes
1061 5186 1206 5251 sepelierunt
1217 5188 1380 5239 bene-structa
1389 5189 1459 5251 juxta
1469 5191 1571 5249 nimius,
