3998 5818
288 412 323 463 44
830 383 1049 445 ANTIMaeffl
1070 381 1321 445 FRAGMENTA.

630 515 705 575 LXI.

1099 517 1183 571 libros
1209 517 1441 585 obscenissimas,
1474 519 1674 574 Antimachum
1704 518 1870 591 inritando,

322 608 418 671 Schol.
433 605 551 664 llomeri
566 604 597 663 ll.
614 606 652 676 Γ,
672 612 739 675 144,
755 599 883 680 Κλυμένη
898 602 925 660 δὲ
941 603 1052 682 βοῶπις,
1096 605 1218 678 scripsit.
1236 605 1328 674 Quam
1346 604 1534 662 imitationem
1550 604 1581 663 in
1602 625 1666 663 uno
1678 604 1794 666 dicendi
1812 628 1867 687 ge·

282 698 399 759 llelenae
421 692 568 774 ἀμφίπολος
589 712 596 748 :
614 688 770 769 Ἀντίμαχος
792 688 884 761 δὲτὴν
911 687 1052 768 Κλυμένην

283 782 430 845 Ἱπποίλιιου
458 776 588 862 θυγατέρα
605 768 671 837 εἶναί
695 801 781 857 φησιν.
807 778 892 847 Quod
918 778 947 836 in
972 778 1053 854 Lyde

284 876 391 933 factum
409 892 470 931 esse
486 882 576 949 puto,
591 868 620 926 in
638 888 695 945 qua
710 867 912 926 Antimachum
928 886 974 924 res
993 869 1053 926 lle-

284 965 355 1021 lenae
371 960 480 1019 siluisse
497 978 554 1015 non
573 968 616 1015 est
633 954 793 1034 probabile.

323 1061 367 1118 Ex
390 1057 506 1116 incertis
521 1055 685 1134 fragmentis
711 1052 746 1111 ad
771 1052 880 1131 hydam
908 1052 1053 1131 pertinere

284 1161 403 1228 possunt
422 1147 469 1223 75,
487 1166 534 1221 79,
551 1147 598 1217 86,
619 1144 673 1201 105
692 1155 801 1219 et109‚
820 1140 870 1201 uhi
886 1142 952 1201 vide
961 1162 1054 1200 auno-

284 1250 349 1295 lala.

565 1347 771 1376 -QOQ—

593 1440 742 1499 ΔΕΛΤΟΙ.

583 1588 664 1648 Lllll
687 1585 755 1665 (49).

323 1688 478 1748 Athenaeus
492 1686 559 1757 Vll,
574 1705 603 1762 p.
616 1687 690 1757 300,
706 1686 732 1742 D
747 1705 754 1740 :
769 1680 824 1742 Kal
839 1681 900 1762 περὶ
913 1681 956 1740 τὸν
968 1678 1055 1740 Εὐλέα

281 1775 401 1855 ποταμὸν
418 1776 488 1852 (esse
503 1773 671 1850 anguillas),
685 1764 713 1830 ab
729 1768 886 1850 μνημονεύει
899 1770 1055 1849 ’Ἀντίμαχος

284 1867 310 1924 lu
323 1872 380 1928 ταῖς
395 1859 617 1942 ἐπιγραφομέναις
633 1859 740 1926 Δέλτοις
755 1858 849 1926 οὕτως·

363 1981 465 2044 Ἐλθὼν
481 1982 593 2049 Εὖλείτις
608 1979 694 2063 negiu
710 1980 753 2041 ἔπι
767 1980 905 2052 δινήεντος.

282 2110 314 2168 lu
334 2107 430 2166 verbis
450 2106 579 2165 hthenaei
601 2105 686 2163 codd.
704 2102 813 2177 εὐκλέα,
830 2104 908 2181 quod
928 2103 1054 2161 correxit

283 2196 556 2272 Selrweighaeseru53
574 2195 603 2251 in
622 2195 722 2271 fragm.
746 2194 907 2258 Marcianus
924 2206 952 2250 et
968 2193 1053 2252 [ουτ.

285 2301 378 2358 recte,
393 2286 481 2362 vulgo
500 2281 625 2347 chelciau.
642 2282 757 2340 Flavius
773 2281 897 2359 ignotus.
913 2280 1055 2359 Schweig-

283 2375 430 2432 haeuserus
455 2372 593 2449 cogitavit
615 2369 651 2429 de
669 2370 770 2429 Eulaeo
787 2367 936 2448 (Εὗλαίῳ),
954 2367 1054 2426 hlcdiae

283 2462 447 2540 Persiaeque
464 2460 561 2519 lluvio.

325 2549 461 2610 Dubitari
479 2560 576 2627 potest
589 2546 626 2605 ab
641 2545 851 2605 Antimachoue
872 2546 935 2624 ipso
952 2545 1054 2603 inscri-

282 2652 365 2715 ptum
383 2639 425 2697 illi
438 2637 514 2696 libro
525 2635 612 2695 luerit
623 2632 733 2705 Δίλτοι,
745 2637 916 2711 Pugillares,
930 2654 965 2691 an
975 2632 1011 2691 ab
1019 2654 1054 2693 co

282 2726 333 2803 qui
349 2727 457 2805 scripta
473 2736 567 2802 poetae
582 2724 700 2802 collegit
716 2718 863 2804 (συνίλεξεε
879 2743 904 2781 v.
922 2742 1008 2800 supra
1024 2743 1053 2800 p.

283 2812 345 2894 ομ),
358 2816 500 2892 congestis
517 2813 558 2871 ibi
574 2833 639 2892 quae
652 2832 710 2870 non
729 2812 807 2870 edita
821 2811 850 2867 iu
865 2809 1054 2889 pugillaribus

283 2902 345 2979 ejus
377 2902 539 2960 invenisset.
574 2902 675 2979 Neque
702 2912 871 2978 argumenta
905 2918 1080 2976 superesse·

283 2989 419 3047 videntur
443 2988 549 3066 quibus
579 2999 729 3065 permotus
760 2986 788 3043 in
816 2985 935 3043 alteram
961 2998 1053 3044 utram

281 3090 393 3155 partem
408 3077 497 3155 magis
507 3076 636 3135 inclines.
649 3073 783 3134 Conlerri
795 3074 903 3151 poterit
912 3074 1051 3152 scriptum

281 3165 448 3224 Callimachi
464 3166 592 3246 Γραμεῑον
605 3164 728 3233 dictum,
744 3161 826 3239 cujus
840 3163 971 3220 notitiam
988 3183 1053 3221 cum

282 3245 442 3331 fragmento
465 3255 576 3331 aliquot
606 3272 742 3311 versuum
768 3270 864 3327 nuper
890 3271 924 3308 ex
952 3251 1054 3309 codice

280 3361 381 3402 eruere
389 3341 461 3399 mihi
473 3342 602 3420 contigit,
619 3339 794 3419 Καλλίμαχος
808 3340 834 3397 ἐν
848 3340 885 3418 τῷ
898 3339 1052 3421 καλουμένῳ

279 3427 382 3511 ram
398 3428 470 3507 (sict-

582 3551 748 3573 *⁴000*-

555 3646 775 3707 Kathxhuh.

318 3771 362 3828 De
380 3768 436 3827 hoc
453 3769 562 3846 scripto
580 3769 730 3828 Theodori
747 3769 862 3846 Berghii
879 3780 923 3826 est
944 3768 1050 3827 disser-

280 3860 367 3929 tatio,
384 3858 413 3915 iu
434 3857 659 3916 Zimmermanni
685 3856 846 3931 Zeitsrlrrift
857 3857 887 3928 f.
908 3860 936 3917 cl.
957 3861 1052 3914 Alter-

277 3949 408 4004 thamsa.
434 3946 526 4020 1835,
548 3966 575 4002 u.
602 3948 656 4018 37,
678 3948 715 4024 'p.
736 3950 792 4005 300
810 3965 870 4023 sq.,
889 3965 974 4022 (luam
998 3966 1049 4023 ap-

278 4036 414 4112 ponimus
436 4032 722 4112 corripendilactam„

317 4123 512 4201 «Spartianus
527 4122 556 4179 in
575 4121 638 4180 viu
656 4121 793 4181 lladriaui
809 4141 873 4199 cap.
887 4123 921 4180 15
932 4146 938 4179 :
948 4126 1051 4179 anue

277 4214 393 4269 celebris
417 4226 475 4268 tarn
495 4208 703 4287 cupidussuit,
731 4225 762 4267 ut
785 4213 868 4267 libros
892 4213 963 4267 vitre
989 4233 1052 4269 sum

276 4303 398 4376 scriptos
412 4322 431 4358 n
441 4321 472 4357 se
484 4301 591 4357 libertis
606 4301 666 4358 auia
678 4301 802 4356 literatis
812 4302 936 4370 dederit,
943 4300 1050 4371 Jicbcns

278 4401 309 4445 nt
320 4409 368 4445 eos
377 4396 435 4446 suis
446 4390 608 4445 raoni-‘nibus
616 4388 813 4463 publicarent:
827 4408 896 4443 narn
909 4390 1051 4465 Phlegon·

277 4481 313 4534 ris
340 4477 405 4535 libri
431 4480 576 4535 Hadriani
602 4497 664 4534 ease
687 4480 827 4535 dicuntur.
862 4478 1050 4534 Critncrinnos

281 4623 469 4632 ———-—.-
788 4623 870 4632 -α--ι
881 4624 971 4632 -ν-

308 4774 441 4838 Clymenen
451 4773 561 4837 (Helene
573 4705 701 4837 famulabi)
713 4773 825 4838 Hippalci
842 4773 914 4824 liliam
927 4786 980 4824 esse
989 4773 1049 4824 dicit

278 4845 443 4897 Antimachus.

586 4921 745 4945 -ms-

536 4977 786 5039 PUGILLARES.

309 5143 391 5193 Euleae
402 5142 468 5192 fluvii
482 5143 593 5192 meminit
611 5076 770 5193 trititiachus
789 5144 814 5193 in
826 5142 888 5193 libro
908 5144 951 5207 qui
964 5143 1046 5193 inscri-

277 5212 344 5265 bitur
355 5214 502 5278 Familiares
514 5227 523 5260 .-

1098 710 1167 749 nere
1181 691 1341 750 constitisse
1359 711 1417 749 nou
1438 704 1480 749 est
1495 690 1633 750 credibile
1649 713 1657 749 ι
1676 692 1734 751 imo
1746 713 1874 772 prorsus

1099 800 1156 837 nou
1171 778 1274 838 dubito
1289 779 1358 858 quia
1374 780 1534 857 imperator
1547 781 1633 839 etiam
1648 780 1677 838 in
1694 796 1870 861 argumento

1098 882 1127 929 et
1141 869 1329 948 inscriptione
1349 870 1445 947 operis
1463 868 1676 946 Colophonium
1694 884 1811 948 proeium
1831 872 1871 929 sit

1098 971 1221 1017 secutus.
1229 960 1293 1019 lam
1307 977 1378 1017 vero
1389 957 1471 1016 facile
1482 957 1604 1035 quilibet
1617 957 1760 1037 intelligit,
1772 980 1872 1039 nuptie

1099 1046 1135 1103 de
1146 1046 1294 1105 Thebaide
1307 1066 1401 1125 neque
1417 1045 1454 1103 de
1470 1044 1550 1122 Lyde
1563 1045 1683 1124 cogitari
1698 1066 1790 1125 posse.
1802 1049 1870 1125 ipsa

1099 1148 1195 1193 utitem
1213 1136 1360 1195 literarum
1376 1134 1495 1213 vestigia
1516 1148 1710 1205 cntncncmor,
1732 1150 1871 1193 catarna-

1099 1244 1164 1293 um,
1175 1235 1240 1295 etc,
1251 1236 1350 1301 aperte
1363 1223 1492 1300 produnt
1508 1224 1692 1301 Spartianum
1702 1224 1850 1302 scripsisse
1861 1245 1870 1280 ε

1100 1336 1113 1363 ι
1127 1314 1317 1385 Gracchanas,
1327 1309 1416 1370 libros
1426 1309 1653 1385 obscurissimos,
1665 1311 1871 1372 Antimachum

1101 1400 1241 1459 imitando
1258 1402 1402 1481 scripsit.»
1426 1403 1590 1462 institutum
1608 1402 1697 1480 igitur
1710 1401 1815 1459 horum
1834 1402 1869 1461 li-

1101 1488 1220 1547 brorum
1244 1490 1298 1548 luit
1313 1491 1440 1549 irrisioni
1458 1503 1545 1570 atque
1567 1488 1762 1569 objurgationi
1783 1504 1869 1567 agita-

1104 1590 1161 1635 tum
1176 1601 1183 1636 ε
1196 1577 1225 1636 id
1238 1578 1315 1637 enim
1326 1579 1466 1658 siguificat
1478 1577 1626 1659 καταχήνη.
1675 1578 1870 1659 [utineam.

1101 1665 1227 1743 HSteph.
1248 1686 1270 1726 s.
1288 1687 1321 1726 ea
1340 1666 1380 1746 v.]
1405 1670 1543 1746 Superest
1572 1666 1662 1740 illud,
1685 1679 1717 1725 ut
1745 1665 1872 1726 demna

1100 1766 1192 1812 strare
1205 1775 1295 1813 coner
1309 1759 1392 1814 etiam
1407 1756 1612 1815 Antimachum
1633 1754 1723 1813 libros
1739 1768 1768 1813 et
1783 1774 1869 1833 arga-

1102 1858 1197 1905 meuto
1215 1859 1243 1904 et
1262 1847 1345 1904 titulo
1360 1847 1466 1906 similes
1483 1847 1616 1905 edidisse.
1632 1846 1786 1905 derideor
1801 1846 1871 1905 uidit

1103 1935 1244 2011 reperisse
1258 1934 1346 2012 hujus
1361 1936 1402 1992 rei
1420 1956 1477 1992 nou
1493 1933 1617 1994 obscura
1634 1934 1761 2013 vestigia.

1392 2058 1487 2118 axin
1509 2055 1578 2137 (ιο).

1140 2170 1172 2228 lu
1191 2170 1317 2247 Etymol.
1332 2169 1410 2229 euim
1428 2172 1465 2229 ll.
1484 2191 1514 2250 p.
1534 2180 1567 2242 4,
1588 2192 1622 2245 7,
1640 2171 1701 2229 hee
1717 2170 1873 2248 leguntur:

1099 2255 1249 2341 Ἀίολήτωρ
1298 2256 1454 2337 Ἀντίμαχος
1468 2256 1580 2337 Ἰαχίνῃ·
1596 2260 1643 2318 «T
1644 2257 1668 2318 el
1683 2257 1706 2316 δ’
1715 2256 1754 2341 dp*
1767 2260 1791 2316 οί
1804 2257 1873 2317 ἀθο-

1100 2345 1206 2427 biceps<
1223 2346 1312 2429 ἄνδρες
1328 2344 1414 2406 ἔασιν·
1425 2374 1436 2397 ν
1446 2346 1503 2405 ἀντὶ
1514 2353 1559 2406 τοῦ
1572 2346 1719 2427 μάρτυρες,
1736 2347 1869 2419 συνηλλα-

1101 2434 1176 2513 χότες
1187 2432 1233 2495 καί
1249 2433 1428 2515 συντυχόντες.
1443 2434 1522 2495 Οὕτω
1535 2436 1628 2496 Φίλων
1641 2437 1678 2504 τίς
1689 2432 1722 2493 rit
1736 2432 1874 2517 ῥηματικὰ

1101 2527 1186 2583 αὐτοῦ.
1204 2526 1276 2595 Quae
1294 2526 1350 2583 hoc
1367 2525 1454 2583 modo
1470 2526 1617 2605 corrigere
1633 2526 1751 2584 tentavit
1770 2526 1874 2584 Blem-

1102 2611 1225 2670 lieldus:
1243 2610 1413 2693 Ἀντίμαχος·
1431 2610 1545 2693 Ἰοίχοντι
1567 2611 1590 2670 δ’
1606 2611 1646 2693 ἄρ’
1667 2615 1691 2671 ol
1709 2610 1873 2690 ἀὸολήτοριτ

1102 2699 1192 2782 ἄνδρες
1205 2699 1295 2761 ἔασιν·
1310 2722 1374 2779 quae
1389 2702 1556 2780 conjectura
1569 2722 1628 2760 non
1642 2720 1725 2759 unam
1740 2699 1779 2758 ob
1795 2720 1871 2758 cau-

1100 2810 1160 2848 sam
1181 2789 1375 2870 improbanda
1390 2804 1433 2849 est
1446 2792 1469 2851 *.
1486 2791 1581 2852 Credo
1598 2809 1716 2850 menon
1735 2788 1873 2847 aberrare

1100 2899 1219 2953 aveto,
1235 2879 1260 2938 si
1275 2877 1316 2938 ita
1335 2879 1433 2957 potius
1451 2882 1615 2959 corrigam:
1635 2878 1790 2957 Ἀντίμαχος
1810 2879 1873 2938 Κοι-

1099 2968 1217 3047 ταχήνῃ·

1179 3116 1229 3177 Tol
1244 3119 1267 3176 δ’
1282 3117 1333 3191 ἄρα
1350 3120 1374 3177 ol
1390 3118 1547 3199 ἀόολήτομες
1562 3118 1652 3198 ἄνδρες
1669 3118 1753 3179 ἔασιν.

1140 3267 1329 3327 Antimachus
1345 3281 1441 3325 utrum
1453 3286 1541 3325 ιιιιιιιιι
1557 3287 1593 3325 an
1608 3267 1706 3344 plures
1719 3263 1808 3324 libros
1828 3268 1868 3325 sic

1101 3356 1299 3434 inscripserit,
1322 3376 1380 3413 uou
1410 3354 1533 3414 audeam
1565 3354 1750 3413 decernere:
1777 3355 1871 3432 potuit

1100 3445 1176 3503 euim
1196 3445 1298 3503 bacin
1318 3465 1349 3503 re
1368 3443 1531 3503 Hadrianus
1548 3465 1564 3502 a
1584 3442 1768 3520 Colophonio
1785 3456 1870 3519 poeta

1099 3534 1246 3591 recedere.
1261 3536 1343 3593 llanc
1362 3553 1453 3592 meam
1471 3532 1668 3611 conjecturam
1684 3531 1738 3589 ulia
1753 3550 1872 3608 quoque

1098 3623 1271 3679 corihrmare
1289 3622 1447 3679 videntur:
1465 3634 1534 3679 sunt
1551 3619 1628 3679 enim
1645 3616 1777 3696 quaedam
1796 3618 1874 3677 inter

1099 3710 1236 3787 reliquias
1256 3709 1438 3782 Antimachi,
1456 3729 1520 3787 quae
1539 3728 1634 3786 neque
1655 3707 1686 3764 iu
1701 3705 1873 3775 'llrebaide,

1099 3817 1192 3875 neque
1214 3798 1244 3855 iu
1269 3797 1348 3874 Lyde
1374 3797 1470 3856 locum
1493 3795 1678 3856 commodum
1707 3806 1804 3853 tenere
1828 3794 1873 3853 ti·

1098 3884 1230 3944 deantur.
1247 3886 1322 3945 Vide
1334 3887 1410 3943 eaim
1428 3886 1500 3945 illud
1514 3885 1592 3964 quod
1608 3883 1790 3944 Herodianus
1806 3882 1873 3941 Phi-

1098 3972 1146 4031 let.
1166 3993 1195 4050 p.
1213 3976 1270 4049 439
1285 3972 1354 4051 (398
1368 3974 1460 4053 Lips.)
1472 3974 1600 4033 hloeridis
1621 3973 1710 4032 Piers.
1726 3991 1764 4031 ex
1784 3972 1873 4031 huti-

1097 4061 1201 4120 macho
1217 4062 1346 4140 profert:

1126 4244 1140 4269 *
1156 4242 1216 4293 Mihi
1228 4257 1327 4306 quoque
1338 4242 1520 4307 improbabatur
1529 4243 1569 4294 illa
1583 4244 1722 4307 conjectura
1737 4245 1763 4294 in
1776 4244 1874 4310 praeiet.

1096 4313 1127 4363 ad
1135 4314 1238 4364 Statium
1245 4313 1400 4365 collectionis
1405 4314 1620 4378 Panclouehianae,
1628 4328 1653 4379 p.
1664 4317 1708 4376 ii,
1719 4314 1762 4365 ubi
1773 4316 1875 4375 melius,

1095 4388 1190 4451 opinor,
1199 4387 1343 4438 cambam:
1360 4387 1511 4453 Ἀντίμαχος·

1158 4495 1269 4560 Ἰναχίδαι
1285 4497 1306 4546 δ’
1322 4496 1367 4563 ἄρα
1382 4499 1404 4546 οἱ
1421 4495 1558 4561 tathaee
1573 4498 1652 4563 ἄνδρες
1668 4496 1743 4547 ἔασιν.

1162 4626 1220 4636 -ιι

1128 4697 1220 4768 Quum
1235 4697 1355 4754 venisset
1371 4698 1404 4754 ad
1418 4697 1510 4754 Euleae
1525 4696 1616 4755 sontes
1631 4697 1775 4755 vorticosi.

1391 4843 1555 4868 *⁴0st''-

1357 4946 1600 5008 CATACHENE.

1453 5095 1502 5147 68.

1126 5201 1161 5258 Hi
1173 5203 1264 5257 autem
1275 5205 1339 5258 suut
1356 5200 1392 5257 illi
1404 5202 1489 5256 testes
1500 5204 1534 5268 (s.
1550 5194 1834 5267 conciliatore-strui.
