3998 5818
276 378 1085 493 &machamaticum
1181 374 1848 486 υωειάυεωωοδυεωυεὲἓ

584 645 1543 889 ANTIMACHI

781 1082 1331 1223 FRAGMENTA.

959 1362 1165 1392 -OOO—

311 1537 507 1606 Antimachus,
526 1534 674 1613 llyparclri
695 1535 769 1593 filius
785 1534 952 1614 (secundum
968 1534 1038 1592 Sui·
1088 1532 1212 1590 minibus
1224 1532 1337 1609 inclytis
1350 1544 1500 1610 magistros
1512 1545 1646 1610 quaerunt
1668 1533 1801 1613 inclytos,
1821 1554 1851 1597 ct

267 1626 394 1703 ‹lam)‚a
419 1624 550 1703 plurimis
573 1623 781 1702 Colophonius,
805 1622 1040 1680 sedaCicerone
1086 1619 1146 1677 sine
1171 1620 1307 1697 magistro
1339 1639 1400 1678 csse
1426 1619 1474 1677 vix
1503 1620 1593 1677 ullum
1624 1622 1783 1699 peliuntur.
1808 1624 1852 1685 lta

272 1716 407 1771 (Brutoc.
425 1710 473 1790 51)
493 1724 521 1768 et
541 1710 646 1769 Ovidio
659 1710 758 1788 (frist.
782 1712 805 1781 1,
824 1712 852 1777 6,
878 1712 906 1786 ι)
931 1712 1041 1766 Clarias
1085 1726 1294 1786 nonnunquam
1313 1709 1420 1766 lactum
1435 1719 1487 1777 est,
1500 1720 1532 1766 ut
1548 1709 1708 1786 magistros
1719 1723 1747 1769 et
1766 1712 1856 1772 disci·

263 1778 356 1877 pacm
374 1798 546 1876 appellatur.
573 1798 646 1855 llinc
665 1795 733 1874 jure
761 1810 887 1856 statuere
906 1797 1042 1855 videnlur
1086 1795 1169 1873 pulos
1190 1796 1315 1855 dixerint
1339 1815 1398 1869 cos,
1424 1797 1499 1855 inter
1520 1816 1595 1874 quos
1618 1796 1690 1855 illud
1711 1797 1853 1859 doctnnae

267 1888 347 1949 vClari
370 1900 485 1957 natum,
509 1887 609 1963 patriae
635 1905 739 1943 nomen
763 1886 921 1953 duxissea
945 1886 1041 1943 vicina
1085 1884 1288 1941 commercium
1308 1884 1394 1943 fuisse
1418 1885 1465 1942 vel
1487 1904 1545 1942 non
1571 1883 1722 1962 probabile
1734 1886 1852 1959 cst,rel

272 1976 343 2035 urbe
356 1974 507 2045 nobiliore,
517 1974 546 2030 in
559 1970 765 2049 qnahabimsse
773 1986 875 2031 eumer
888 1973 1040 2030 maximam
1085 1990 1219 2029 essenon
1236 1972 1364 2048 potuisse
1384 1971 1574 2030 demonstrari
1596 1985 1722 2050 potesta
1741 1976 1854 2053 Panya-

192 2112 194 2118 ι
271 2065 362 2122 aetatis
376 2075 486 2141 partem
497 2061 607 2138 degisse
618 2080 655 2118 ex
669 2061 731 2119 aliis
746 2061 913 2119 testimoniis
926 2062 958 2118 lit
974 2081 1041 2139 pro·
1084 2061 1129 2117 sin
1144 2061 1175 2117 in
1191 2063 1315 2138 antiquae
1333 2081 1451 2138 poeseos
1463 2062 1552 2138 epicae
1565 2062 1724 2121 imitatione
1735 2063 1856 2142 excepit

270 2153 499 2229 babile.«Atque
513 2150 964 2231 idem,iuquitSchellenbergius,
975 2173 1042 2212 con·
1084 2148 1292 2207 Antimachus:
1309 2167 1374 2205 nam
1394 2148 1562 2218 Choerilum,
1586 2162 1617 2205 ut
1640 2151 1775 2223 vidimus,
1791 2168 1855 2209 uon

272 2242 366 2319 tigisse
383 2242 500 2300 videtur
514 2240 667 2313 Nicandro,
683 2261 767 2319 quem
785 2243 882 2319 plures
894 2241 1039 2320 Colopho·
1083 2235 1278 2314 agnoscebant
1291 2237 1670 2315 grammaticistesimbroti
1685 2238 1778 2299 studia
1792 2242 1855 2301 llo-

271 2329 351 2401 nium
369 2340 482 2401 vocant,
501 2329 633 2407 quamvis
645 2330 705 2408 ipse
720 2330 750 2387 in
762 2330 818 2388 fine
830 2331 1038 2389 Theriacorum
1084 2329 1190 2387 metica
1205 2328 1245 2404 (v.
1262 2329 1349 2386 Wolf.
1364 2328 1477 2405 Proleg.
1495 2328 1524 2386 in
1538 2330 1623 2389 llom.
1647 2350 1678 2408 p.
1697 2338 1797 2404 cumr)
1822 2340 1856 2398 ῑιι

272 2413 376 2498 Κλάρον
385 2416 522 2498 νιρόεσσοιν
543 2415 670 2495 πολίχνην
694 2418 815 2495 patriam
829 2437 909 2476 suam
924 2436 1039 2476 nuncu-
1083 2436 1183 2476 caussa
1195 2417 1282 2476 luisse
1293 2416 1438 2487 videntur,
1452 2428 1483 2473 ut
1497 2417 1670 2477 Antimacho
1679 2416 1781 2477 darem
1791 2438 1855 2479 ma-

271 2506 392 2582 parerit.
405 2505 491 2577 Quod
513 2504 629 2581 quidem
642 2524 676 2563 eo
688 2506 872 2564 verisimilius
884 2518 935 2573 est,
949 2526 1037 2582 quum
1080 2508 1212 2582 gistrum.

271 2595 561 2673 Apollinisoppidum
573 2594 819 2672 Colophoniorum
832 2596 934 2654 ditioni
945 2594 1039 2672 subjc-
1124 2594 1166 2651 De
1188 2593 1247 2651 vita
1268 2592 1481 2652 Antimachiex
1496 2606 1567 2653 teste
1589 2607 1677 2667 certo,
1700 2595 1731 2651 in
1752 2598 1854 2668 Lydes

264 2696 346 2740 etum
364 2684 458 2751 inerit,
473 2682 549 2740 unde
562 2681 631 2740 dens
643 2682 703 2759 ipse
724 2703 930 2761 nonnunquam
951 2682 1037 2740 Colo·
1083 2679 1246 2757 fragmentis
1268 2680 1416 2756 ponenda,
1433 2680 1490 2738 hoc
1501 2681 1593 2739 solum
1604 2681 1763 2755 didicimus,
1777 2702 1856 2760 poc-

271 2767 395 2842 phonius
404 2768 516 2825 dicitur.
526 2769 559 2827 V.
571 2769 725 2846 Spanhem.
737 2770 772 2827 ad
786 2770 951 2831 Callimachi
961 2772 995 2828 ll.
1008 2772 1036 2827 in
1084 2779 1138 2823 tam
1153 2767 1246 2842 Lydes
1262 2769 1322 2825 sire
1336 2769 1435 2827 amicae
1453 2769 1514 2827 sire
1526 2768 1624 2826 uxoris
1636 2788 1731 2829 amore
1747 2789 1855 2828 corre-

270 2854 365 2931 Apoll.
384 2875 410 2911 v.
431 2876 499 2927 70³
1083 2865 1178 2921 rmus,
1189 2851 1217 2907 io
1229 2854 1359 2930 Lydiam,
1373 2860 1478 2915 Sardes
1493 2868 1525 2914 ut
1546 2857 1671 2927 videtur,
1693 2876 1724 2916 sc
1742 2870 1852 2917 contu·

309 2942 436 3016 Tempus
460 2961 519 3019 quo
544 2943 618 3002 vixit
642 2965 729 3024 quum
751 2944 799 3004 alii
823 2944 962 3022 produnt,
976 2956 1035 3004 tuni
1081 2933 1855 3023 lisse3(premortuarediisseColophonemetelegiacis

270 3029 464 3105 Apollodorus
475 3030 554 3107 apud
566 3032 729 3089 Diodorum
740 3032 820 3107 Xlll,
841 3034 905 3103 roll,
920 3046 1035 3091 narrato
1081 3028 1256 3088 carminibus
1268 3029 1427 3089 scribendis
1451 3033 1583 3092 dolorem
1608 3034 1750 3093 fefellisse.
1765 3037 1849 3094 Prae·

268 3116 324 3172 line
341 3116 407 3174 belli
423 3117 659 3194 Peloponnesiaci
680 3120 736 3177 hoc
753 3121 839 3177 modo
853 3133 1035 3198 pergentem:
1082 3129 1159 3176 terea
1206 3118 1376 3176 Plutarchus
1411 3120 1441 3177 in
1467 3123 1533 3180 Vita
1562 3121 1704 3198 Lysandri
1736 3122 1773 3200 (c.
1804 3122 1853 3197 ιδ)

269 3198 370 3283 Μικρδν
385 3200 411 3260 δὲ
430 3206 475 3274 τῆς
491 3202 594 3286 εἰρήνης
611 3204 717 3286 ὕστερον
735 3204 887 3278 ἐτελεύτησε
899 3212 1008 3287 Δαρεῖος
1022 3211 1035 3265 ὁ
1081 3206 1141 3264 hacc
1157 3219 1255 3264 narrat
1268 3229 1274 3263 :
1290 3205 1447 3286 Ἀντιμάχου
1462 3215 1507 3267 τοῦ
1519 3210 1689 3292 Κολορωνίου
1700 3211 1746 3268 καὶ
1760 3210 1852 3280 Νικη-

269 3288 414 3360 τῆςἈσῖοις
439 3292 559 3371 βασιλεύς
630 3291 678 3366 τὴν
703 3294 727 3352 δ’
751 3294 891 3373 ἡγεμονίαν
908 3293 1035 3363 διεδέξατο
1055 3272 1061 3345 l
1081 3292 1159 3373 pirou
1184 3292 1252 3360 τινδς
1274 3292 1457 3375 Ἡρακλεώτου
1478 3296 1610 3373 ποιήμασι
1633 3294 1785 3377 Λυοάνδρια
1808 3298 1852 3376 [itt

261 3379 319 3434 τῶν
340 3379 403 3435 υἱῶν
417 3378 431 3435 ὁ
445 3377 619 3461 πρεοάάτερος
637 3380 803 3463 Ἀρταξέρξης
825 3382 982 3459 (lllncmonl
1079 3380 1176 3459 Samo)
1190 3380 1417 3460 διαγωνισαμένων
1430 3384 1850 3466 ἔπάὖτῷ(Ιιγειιιιι1ιο]“ιιι1ἰεε),

268 3460 296 3522 δν
308 3460 340 3534 δὴ
355 3461 449 3544 χρόνον
467 3463 512 3523 καὶ
524 3465 679 3549 Ἀντίμαχον
691 3468 735 3527 τὸν
745 3468 856 3541 ποιητὴν
869 3469 1034 3529 Ἀπολλόδω-
1079 3467 1123 3527 τὸν
1141 3469 1291 3550 Νικήρατον
1313 3469 1503 3551 ἐστεφάνωσεν·
1520 3470 1576 3531 itt
1594 3472 1749 3552 Ἀντίμαχος
1764 3474 1850 3555 ἆχδε-

268 3573 309 3630 ρος
331 3554 345 3609 ὃ
371 3551 503 3624 Ἀθηναῖος
525 3554 567 3631 (in
589 3556 753 3635 Chronicis)
783 3556 862 3638 φησὶν
887 3557 1034 3629 ἠνθηκένοιι.
1080 3555 1312 3638 sceleratiora
1328 3556 1439 3636 ποίημα.
1456 3558 1718 3629 Πλάτωνδδνίοςῶν
1732 3560 1850 3621 chronol

268 3637 379 3696 Floruit
390 3640 478 3717 igitur
493 3642 570 3700 circa
591 3663 698 3703 atinum
722 3648 780 3714 405
801 3666 826 3703 a.
838 3646 905 3705 Chr.
932 3646 1034 3705 Snidas
1083 3645 1221 3723 θαυμάζων
1241 3642 1286 3705 τδν
1308 3645 1466 3731 Ἀντίμαχον
1482 3648 1573 3730 ἐπλτῇ
1592 3654 1730 3730 ποιητικῇ,
1748 3650 1850 3731 βαρέως

267 3724 422 3799 nihilcerti
435 3727 471 3786 de
486 3730 657 3790 Antimacho
670 3745 836 3792 annotatum
849 3734 967 3803 invenit,
985 3738 1034 3813 qui
1078 3731 1192 3816 ρι’ροντοι
1220 3731 1268 3806 τὴν
1286 3725 1368 3806 ἧτταν
1389 3733 1569 3813 άνελάμὸανεν
1589 3738 1634 3799 κοιλ
1653 3743 1831 3820 παρεμυθεῖτο
1838 3784 1849 3813 ,

262 3812 427 3890 scripserit:
440 3813 509 3877 Ἀντ.
521 3858 561 3891 ...,
575 3818 757 3900 γραμματικδς
767 3820 812 3880 καὶ
826 3819 944 3894 ποιητάς.
958 3820 1034 3890 Τινὲς
1078 3830 1131 3887 τοὶς
1141 3824 1263 3899 ἀγνοοῦσι
1276 3820 1356 3881 κοικδν
1368 3812 1436 3881 εἶναι
1448 3821 1496 3896 τὴν
1509 3822 1624 3902 ἄγνοιαν,
1638 3828 1674 3892 ὡς
1685 3822 1734 3899 τὴν
1747 3824 1849 3907 τυφλά-

267 3895 294 3956 δὲ
306 3897 351 3956 κοιλ
363 3899 466 3972 οἰκέτην
477 3903 555 3964 αὐτὸν
569 3906 717 3990 ἀνέγραψαν
731 3906 892 3977 Πανυάσιδος
902 3916 947 3969 τοῦ
958 3932 1034 3983 norn-
1078 3931 1144 3980 τητα
1153 3917 1206 3974 τοῖς
1217 3908 1255 3988 μὴ
1268 3908 1415 3990 βλέπουσιν.
1430 3912 1465 3970 Et
1477 3913 1554 3991 apud
1567 3914 1747 3988 Ciceronem,
1757 3915 1849 3975 Bruto

262 3991 325 4059 roi,
339 3985 408 4046 πάνυ
429 3990 597 4072 ψευσάμενοι.
614 3985 666 4055 Ἦν
683 3993 735 4076 γάρ
750 3998 829 4054 αὐτοῦ
846 3995 975 4069 ἄκουσι-λς
988 3998 1034 4057 καὶ
1079 4017 1102 4054 c.
1118 3999 1191 4075 51,§
1206 4017 1274 4073 191:
1288 4000 1348 4055 Nec
1358 4006 1434 4055 enim
1443 4013 1541 4075 posset
1553 4004 1626 4057 idem
1644 4002 1851 4061 Demosthenes

263 4075 476 4159 Στησιμὸρότου.
489 4078 585 4159 Γέγονε
596 4081 624 4141 δὲ
636 4083 688 4165 πρὸ
705 4082 853 4151 Πλάτωνος.
875 4088 909 4145 ln
927 4085 1033 4163 quibus
1077 4087 1178 4157 elicere,
1195 4089 1274 4161 qnod
1285 4086 1396 4143 draisse
1410 4089 1624 4162 Antimachum,
1646 4090 1768 4147 clarium
1777 4110 1852 4165 poc-

265 4162 396 4224 mirabile
418 4181 460 4225 est
479 4170 682 4230 Antimachum
707 4174 875 4250 Panyasidis
896 4174 980 4232 simul
1005 4188 1034 4234 et
1078 4186 1147 4245 tam,
1154 4174 1261 4244 serant
1267 4195 1280 4244 ,·
1295 4178 1347 4251 qai
1366 4198 1464 4253 quum,
1483 4181 1646 4237 conuocate's
1657 4181 1848 4250 auditoribus,

266 4252 450 4311 Stesimbroli
461 4255 621 4315 auditorem
631 4261 730 4318 vocari
744 4281 751 4316 ε
766 4280 890 4338 quorum
903 4264 985 4333 alter,
1002 4277 1033 4321 ut
1077 4265 1183 4338 legeret
1194 4262 1235 4319 cis
1248 4282 1384 4338 nragnam
1401 4267 1476 4322 illud
1502 4270 1580 4344 quod
1588 4268 1702 4325 noratis
1715 4270 1850 4325 uolumen

264 4355 353 4413 supra
374 4339 494 4413 dictum,
507 4362 584 4401 anno
597 4345 652 4416 457
669 4346 826 4405 exstinctus
834 4367 896 4406 esse
907 4349 1031 4424 videtur,
1076 4370 1167 4419 surim,
1179 4362 1208 4406 et
1222 4370 1285 4407 eane
1300 4353 1439 4428 legentem
1452 4372 1550 4411 omnes
1564 4367 1678 4430 praeter
1696 4358 1848 4412 Platonem

259 4423 338 4481 alter
353 4426 455 4485 Pericli
473 4442 618 4507 superstes
638 4445 709 4503 crat,
724 4433 1032 4510 siprcmererolumus
1078 4439 1275 4511 reliquissent,
1303 4443 1452 4514 «Legum,
1479 4445 1585 4518 iaqrcit,
1616 4444 1706 4500 nihilo
1734 4447 1848 4501 minias.-

265 4508 354 4569 rerba
368 4514 496 4574 Athenaei
507 4517 582 4588 Xlll,
595 4537 624 4595 p.
637 4517 703 4595 5s9,
716 4520 749 4579 E.
765 4519 1031 4599 Sedngrammatici
1077 4527 1161 4581 Plato
1182 4527 1259 4581 enim
1282 4529 1358 4583 mihi
1377 4549 1451 4587 unas
1476 4542 1520 4586 cst
1545 4532 1669 4588 amatium
1694 4534 1847 4590 millium.-

266 4594 310 4674 (ut
323 4598 414 4659 Na'ehii
425 4603 521 4662 verbis
536 4617 601 4663 utar
622 4606 658 4664 de
674 4607 800 4666 Choerilo
812 4628 839 4687 p.
856 4630 890 4666 ar
906 4609 960 4689 sq.)
979 4611 1033 4668 ho·
1077 4610 1189 4683 Quibus
1216 4615 1310 4671 statim
1331 4614 1516 4693 subjiciamus
1542 4618 1578 4677 de
1599 4620 1702 4679 eodem
1725 4619 1846 4679 Platone

264 4734 1281 4767 --—-——-·—-----.-..-——-‚.'.—..-

293 4814 390 4867 suidas
402 4831 409 4867 ι
422 4820 590 4882 Antimachus,
600 4824 771 4885 gammaticns
780 4827 805 4875 et
815 4829 894 4890 poeta.
908 4829 971 4878 Sunt
982 4827 1026 4891 qui
1079 4827 1125 4878 bus
1137 4832 1270 4888 ornarent,
1289 4833 1427 4896 Lysander,
1443 4836 1519 4898 judex
1533 4837 1689 4899 aeruminis,
1705 4839 1846 4892 lticuatum

265 4895 361 4936 terrum
374 4885 451 4937 tuisse
462 4888 589 4940 retulerint
604 4892 746 4954 Panyasidis
757 4898 849 4958 poetae,
865 4895 909 4946 sed
926 4909 1027 4960 prorsus
1075 4901 1209 4950 coronarit.
1222 4902 1294 4960 Quod
1306 4908 1357 4953 tam
1368 4917 1432 4968 segre
1446 4907 1502 4956 tulit
1515 4908 1690 4970 Antimachus,
1706 4912 1734 4960 ut
1745 4922 1846 4963 οειτιιειι

259 4951 358 5001 saliunt.
372 4957 429 5004 Erat
441 4957 505 5007 enim
515 4959 613 5009 auditor
626 4962 693 5024 ejus,
704 4962 815 5014 similiter
826 4977 855 5014 uc
864 4964 1026 5016 Sasimbroh.
1076 4982 1149 5019 suum
1161 4969 1274 5022 aboleret.
1287 4973 1355 5024 Plato
1364 4979 1460 5037 autem,
1473 4977 1515 5026 illo
1526 4983 1635 5043 tempore
1642 4978 1758 5043 iuvetis,
1769 4982 1845 5031 edrai·

262 5022 331 5072 visit
342 5026 399 5075 ante
408 5026 542 5079 Platonem.
1076 5041 1275 5092 ransAutimachi
1282 5043 1420 5095 [amitalem
1426 5047 1555 5110 poeticam,
1564 5048 1846 5117 solabaturpoetamua

294 5092 433 5146 Plutarch.
453 5101 511 5161 lys.
528 5114 534 5148 :
552 5101 633 5157 Quum
647 5102 806 5154 Antimachus
828 5104 993 5169 colophonius
1004 5110 1029 5155 et
1075 5121 1102 5158 se
1111 5114 1250 5172 superatum
1259 5112 1364 5177 dolebat,
1375 5119 1400 5165 et
1409 5117 1456 5167 hoc
1467 5116 1532 5166 dicto
1544 5120 1634 5181 erexit,
1647 5118 1740 5169 usam
1752 5121 1845 5172 udum

259 5163 387 5216 Niceratus
400 5167 498 5231 quidam
510 5171 651 5222 Heracleote
666 5175 692 5222 in
711 5175 829 5237 Lysandri
843 5176 904 5226 testo
917 5177 1028 5226 carmini·
1048 5185 1052 5216 ¹
1076 5191 1131 5229 esse
1140 5178 1218 5242 ipsam
1230 5181 1360 5248 insciliam,
1371 5188 1399 5235 ut
1409 5187 1542 5238 cecitatem
1555 5188 1587 5239 iis
1595 5188 1637 5254 qni
1647 5202 1696 5239 non
1707 5188 1803 5241 rident.
