3992 5834
410 409 447 459 ,ι
973 366 1190 431 pantano.

414 528 565 599 Scotum
585 517 733 599 attinet,
755 509 906 579 lectores
923 501 969 574 ad
985 499 1159 596 egregiam
1176 491 1375 565 Hernranni
1396 489 1680 586 disputationem
1704 486 1755 560 de

416 645 550 744 triplici
575 640 686 710 huius
704 630 881 733 poematis
905 625 1116 699 recensione
1142 620 1369 691 remittamus
1390 628 1544 712 oportet.
1572 616 1755 685 Carminis

418 770 516 843 enim
532 759 730 836 intellectui
746 751 1015 846 commodoque
1032 745 1227 843 legentium
1241 739 1334 811 male
1349 738 1558 810 consultum
1572 736 1710 824 luisset,
1723 734 1754 804 si

421 893 519 966 nulla
529 888 650 961 addita
667 880 903 954 adnotatione
918 887 1056 944 textum
1069 864 1300 964 dispositioni
1317 863 1426 933 ariro
1441 860 1653 930 doctissimo
1668 884 1755 955 pro·

422 1016 549 1115 positae
564 1010 732 1106 adaptare
748 991 1127 1091 voluissemuslt).l)e
1147 988 1253 1077 tertii,
1263 984 1363 1084 quod
1385 997 1560 1082 superest,
1577 981 1760 1079 poematis

417 1124 587 1202 Hesiodei
618 1135 746 1191 natura
767 1112 938 1187 Lehrsius
970 1108 1076 1178 frater
1103 1105 1256 1177 dilectus
1288 1110 1536 1197 Quaestionum
1561 1115 1743 1204 epicorum

418 1277 449 1323 a.
476 1248 564 1338 1837
586 1245 763 1317 editarum
785 1233 1034 1308 dissertatione
1049 1230 1150 1299 tertia
1170 1253 1299 1298 novam
1320 1230 1485 1326 exposuit
1505 1232 1745 1311 senteutiam,

413 1385 507 1454 quae,
523 1360 687 1457 quamvis
709 1358 831 1426 minus
851 1353 1000 1452 probata
1018 1377 1036 1421 a
1051 1351 1253 1440 nonnullis,
1269 1351 1421 1421 maxime
1440 1366 1560 1420 tamen
1574 1350 1751 1419 idoneum

414 1483 545 1556 harum
562 1506 682 1553 rerum
699 1478 858 1549 iudicem
875 1491 980 1546 nacta
999 1490 1052 1546 est
1070 1473 1298 1545 defensorem
1316 1472 1379 1569 (a).
1395 1479 1434 1542 ln
1453 1489 1574 1543 nostra
1589 1472 1752 1543 editione

416 1586 573 1702 singulas
588 1604 689 1675 facile
708 1626 880 1696 agnosces
899 1601 1112 1688 sententias,
1131 1622 1219 1695 quas
1239 1597 1409 1668 Lelrrsius
1429 1622 1502 1667 non
1518 1597 1587 1667 nisi
1603 1611 1756 1694 propter

415 1731 611 1803 verborum
628 1727 860 1826 quorundam
880 1722 1156 1795 similitudinem
1172 1721 1403 1818 interpositas
1421 1746 1502 1791 cum
1523 1721 1663 1817 reliquo
1680 1745 1756 1791 car-

421 1855 590 1926 mineris
608 1852 788 1924 cohaerere
803 1849 1038 1920 demonstrat.
1061 1851 1149 1933 Quae
1164 1845 1261 1916 idem
1277 1846 1491 1941 interpolata
1508 1870 1585 1915 esse
1606 1844 1756 1933 iudicat,

418 1981 524 2052 uncis
544 1978 781 2063 inclusimus3
805 1999 886 2071 quae
902 1999 921 2044 e
938 1972 1045 2043 variis
1061 1969 1340 2041 recensionibus
1356 1994 1519 2038 manasse
1536 1969 1635 2058 vult,
1663 1967 1757 2038 indi·

419 2126 499 2174 care
516 2126 589 2171 non
610 2100 724 2170 licuit.
740 2098 870 2168 Multas
886 2097 1060 2167 lectiones
1079 2096 1115 2164 in
1139 2095 1351 2164 recensione
1367 2108 1483 2162 textus
1503 2092 1757 2188 Goettlingiani

421 2233 466 2305 al)
482 2238 691 2303 Hermanno
706 2228 977 2302 commendatas
993 2229 1029 2297 in
1046 2240 1213 2297 nostrum
1227 2228 1388 2320 Operum
1404 2239 1437 2294 et
1453 2226 1603 2293 Dierum
1618 2239 1757 2293 textum

423 2380 514 2426 nova
533 2355 601 2425 hac
615 2354 754 2424 ratione
774 2351 992 2448 dispositum
1007 2348 1191 2420 introduci
1209 2374 1283 2417 nou
1298 2348 1460 2444 potuisse
1475 2363 1632 2444 apparet.
1648 2346 1758 2433 Quod

423 2478 572 2549 Hesiodi
595 2478 879 2572 fragmentorum
901 2474 1066 2545 collectio
1086 2488 1158 2543 tam
1173 2487 1277 2542 aucta
1294 2487 1440 2567 tamque
1457 2470 1646 2541 emendata
1659 2496 1761 2541 nttnc

425 2602 462 2670 in
483 2600 602 2670 lucem
619 2599 759 2696 prodit,
788 2599 825 2669 id
845 2599 953 2669 etiam
973 2603 1182 2668 Hermanno
1203 2595 1374 2684 debetur,
1403 2596 1486 2692 qui,
1504 2611 1699 2692 postquam
1718 2596 1758 2665 in

429 2725 638 2795 recensione
652 2723 711 2794 illa
727 2722 1020 2818 Goettlingianam
1035 2720 1287 2792 collectionem
1302 2720 1486 2816 castigavit
1497 2718 1694 2816 multisque
1709 2718 1764 2790 lo-

427 2850 477 2919 cis
502 2849 618 2919 citatis
640 2847 891 2945 locupletavit,
917 2847 1063 2943 triginta
1082 2846 1147 2916 tria
1169 2845 1367 2941 fragmenta
1385 2842 1526 2914 addidit
1552 2869 1646 2914 nora
1674 2843 1719 2938 (l.
1735 2843 1760 2913 l.

429 2997 505 3070 pag.
521 2971 757 3068 αδδ-ηπ),
776 2996 857 3068 quae
874 2972 911 3041 in
927 2970 1088 3041 editione
1102 2984 1227 3040 nostra
1243 2968 1345 3069 litera
1364 2972 1407 3037 H.
1424 2968 1640 3038 notavimus.
1655 2971 1763 3037 Acce·

429 3094 705 3192 duntpraeterea
717 3094 921 3191 complura,
942 3119 1023 3191 quae
1043 3117 1263 3190 quamquam
1283 3093 1320 3163 in
1337 3090 1538 3162 Lelrmanni
1558 3088 1765 3178 deHest‘odt'

430 3218 641 3289 ‹nrmmtbus
657 3217 808 3316 perditis
820 3217 1003 3315 particula
1025 3220 1141 3313 prtori
1156 3242 1255 3287 anno
1284 3215 1374 3286 1828
1396 3214 1552 3285 Berolini
1578 3213 1671 3285 edita
1685 3215 1762 3310 jam

431 3341 619 3436 leguntur,
647 3368 668 3413 a
688 3342 899 3436 Goettlingio
916 3320 1047 3412 omissa
1060 3355 1163 3427 sunt,
1178 3341 1319 3435 triaque
1339 3341 1374 3408 in
1400 3338 1559 3408 Crameri
1574 3336 1763 3411 anecdotis

431 3463 590 3559 primum
634 3463 807 3558 evulgata.
840 3468 1014 3535 Numeros
1029 3461 1293 3557 Gtettlingianae
1326 3460 1550 3530 collectionis
1584 3461 1661 3530 sine
1691 3460 1763 3531 ulla

431 3585 532 3656 litera
552 3587 687 3658 nostris
710 3588 968 3685 apposuimus,
986 3586 1147 3657 numeris
1172 3585 1397 3656 collectionis
1426 3558 1628 3655 Lelrmanni
1662 3584 1762 3655 litera

433 3713 490 3801 t,
507 3709 732 3781 collectionis
748 3710 928 3782 Gaislordi
940 3710 996 3781 rel
1010 3707 1192 3780 Dindorfii
1210 3708 1310 3778 litera
1326 3711 1368 3775 D.
1383 3706 1564 3804 adscripta
1584 3721 1648 3777 est.
1659 3711 1764 3801 Frag-

432 3835 725 3903 nrentumCXVll
736 3838 964 3904 Her-mannus
976 3834 1012 3903 in
1025 3831 1234 3930 praelatione
1245 3828 1289 3899 ad
1303 3829 1422 3925 Eurip.
1438 3828 1562 3899 Helen.
1576 3853 1653 3924 pag.
1670 3831 1762 3897 Xl'll

432 3958 585 4026 correxit
599 4011 607 4046 ,
632 3955 782 4052 ejusque
796 3957 1087 4028 emendationem
1100 3954 1317 4051 recepimus,
1331 3978 1549 4050 quamquam
1564 3950 1764 4022 Hesiodum

432 4082 480 4150 ita
495 4081 667 4151 cecinisse
684 4080 791 4151 nohis
811 4080 1028 4178 persuadere
1042 4081 1101 4152 vix
1118 4103 1324 4176 possumus.

480 4209 519 4274 ln
540 4210 746 4276 Arotnonto
770 4206 994 4276 a'Wellaueri
1015 4204 1235 4277 lectionibus
1254 4226 1521 4297 nonnunquam
1541 4202 1764 4271 recessimus.

434 4333 481 4397 Es
509 4331 574 4419 iis,
609 4356 698 4426 quas
731 4330 904 4401 editionis
932 4329 1205 4400 Wellauerianae
1234 4328 1379 4398 criticus
1417 4324 1623 4422 (epltentnr.
1655 4324 1763 4393 literr.

473 4582 514 4661 (ι)
536 4585 658 4641 Versum
675 4594 741 4654 144,
756 4584 870 4662 qualem
894 4584 923 4641 in
948 4604 1004 4641 una
1024 4584 1109 4640 trium
1123 4583 1237 4641 illarum
1250 4582 1452 4640 recensionum
1472 4580 1559 4638 luisse
1583 4582 1765 4635 Hermannus

433 4688 504 4758 vult,
519 4690 610 4746 textui
623 4709 678 4747 suo
692 4690 757 4747 loco
773 4688 987 4748 subiunximus.

474 4792 516 4875 (a)
536 4798 735 4852 Hernrannnm
747 4838 755 4867 ,
768 4796 818 4873 qni
831 4796 859 4853 in
874 4794 972 4854 Jahnii
986 4790 1137 4852 annalibus
1152 4790 1317 4869 philologiae
1339 4791 1417 4848 hunc
1439 4788 1545 4846 liltt'uot
1570 4801 1655 4863 atquc
1679 4783 1754 4840 illaur

436 4901 595 4980 praesertim
610 4900 841 4960 dissertationem
856 4901 1004 4960 iudicarit.
1018 4899 1106 4958 atiud
1122 4898 1267 4957 decadem
1281 4895 1481 4956 dissertatione
1495 4893 1634 4951 iudicium
1646 4892 1674 4951 in
1688 4891 1766 4951 Zim-

437 5008 596 5067 mertnanni
608 5007 752 5086 ephemm.
773 5010 811 5085 (a.
828 5008 901 5067 1836
914 5052 921 5079 ‚
933 5026 997 5084 pag.
1021 5006 1096 5063 1006
1112 5007 1186 5083 sqq.)
1203 5004 1257 5063 sub
1272 5004 1349 5064 calce
1364 5001 1550 5074 recensionis,
1567 5020 1652 5077 qnam
1674 4997 1766 5059 Iulius

437 5118 535 5173 Caesar
552 5116 588 5173 dc
603 5115 654 5174 illo
668 5113 810 5174 Soetbeeri
825 5114 968 5193 opusculo
981 5112 1106 5191 scripsit,
1123 5132 1173 5168 nos
1184 5112 1268 5183 legere
1284 5106 1462 5164 meminimus.
